2416 4290
162 442 206 507 50
465 443 610 495 IULIANI
631 441 881 494 IMPERATORIS

165 569 222 652 τὸς
249 569 438 660 ἐφεστηκὼς
469 572 525 640 καὶ
552 568 723 658 θεώμενος
753 567 794 637 τά
828 568 994 659 δρώμενα·
1028 575 1088 639 καί
1115 591 1182 641 τισι

166 676 332 758 τοιούτοις
364 678 486 766 ἑτέροις
514 671 619 745 αύτὸν
646 678 860 763 ψυχαγωγῶν
890 674 951 745 τὸν
977 675 1088 746 πάντα
1114 682 1181 749 διε-

123 786 250 856 Βτέλει
277 783 412 873 χρόνον,
440 785 501 864 ἕως
524 780 631 853 αὐτὸν
658 783 810 872 καθάπερ
827 779 1084 871 Ὀλυμπιονίκης
1104 785 1182 874 περὶ

164 893 210 982 τῷ
237 896 337 982 τρίτφ
364 896 566 977 παλαίσματι
585 886 784 977 καταβαλὼν
802 893 901 976 δίκην
928 891 1095 959 έπνθεῖναι
1112 893 1182 961 τῶν

164 1000 416 1085 τετολμημένων
447 994 545 1078 ἀξίαν
577 995 831 1084 κατηνάγκασας
863 993 996 1065 ιόσαντα
1029 993 1086 1065 διά
1114 999 1207 1068 τῶνῡ

165 1106 313 1192 στέρνων
344 1101 382 1173 τὸ
411 1099 494 1172 αύτδ
527 1104 638 1192 ξίφος,
671 1099 690 1170 δ
722 1104 857 1172 πολλῶν
888 1105 1034 1172 πολιτῶν
1067 1104 1182 1191 ἐμίανε

165 1210 271 1302 φόνφ.
306 1209 429 1297 ταύτης
448 1207 512 1296 ἐγὼ
540 1213 598 1297 τῆς
626 1212 721 1295 δίκης
740 1205 864 1295 ἀμείνω
883 1208 940 1277 καί
968 1210 1181 1299 δικαιοτέραν

69 1303 75 1313 ’
166 1314 288 1386 ούποτε
315 1317 475 1403 γενέσθαι
503 1316 589 1403 φημὶ
609 1311 690 1384 οὐδὲ
717 1311 771 1401 ἐφ’
802 1304 968 1404 ᾖμάλλον
994 1312 1032 1385 τὸ
1062 1314 1181 1386 κοινὸν

164 1425 232 1491 τῶν
260 1418 453 1512 ἀνθρώπων
476 1419 660 1512 ηὐφράνθη
684 1422 792 1508 γένος,
818 1421 982 1509 τοσαύτης
1011 1416 1182 1510 ὠμότητος

165 1530 221 1598 καί
251 1536 385 1617 πικρίας
422 1526 551 1618 ἀφεθὲν
588 1525 693 1608 όντως
730 1526 926 1618 ἐλεύθερον,
962 1524 1106 1619 εύνομίηι
1143 1527 1206 1600 δδῑ

164 1632 229 1723 ἤδη
258 1635 459 1724 γανύμενον,
487 1626 526 1722 ἧς
553 1635 634 1716 τέως
652 1630 864 1722 ἀπολαύομεν
892 1635 948 1703 καί
975 1630 1182 1705 ἀπολαύσαι-

126 1743 226 1829 Ομέν
258 1769 295 1827 γε
327 1744 381 1811 ἐπί
412 1739 529 1829 πλέον,
562 1732 588 1810 ὦ
621 1740 729 1810 πάντα
762 1737 874 1828 ἀγαθὴ
906 1740 1059 1830 πρόνοια.
1106 1742 1181 1831 ἐμοὶ

166 1847 203 1916 δέ
229 1852 396 1918 ποθοῦντι
423 1849 484 1937 μέν
504 1849 692 1929 ἐπεξελθεῖν
715 1844 818 1916 άπασι
845 1862 914 1928 τοῖς
937 1867 991 1917 σοι
1018 1858 1180 1937 πραχθεῖ-

165 1974 235 2040 σιν,
263 1951 512 2047 ἀπολειπομένῳ
532 1954 570 2023 δέ
589 1953 792 2042 συγγνώμην
820 1954 964 2042 εἰκότως,
993 1943 1020 2023 οἷ
1047 1956 1181 2042 μέγιστε

165 2063 318 2148 βασιλεύ,
350 2062 514 2150 παρέξεις,
547 2066 577 2129 εί
602 2060 683 2148 μήτε
710 2062 778 2129 τῶν
805 2057 1002 2130 ἀποστόλων
1029 2063 1099 2129 των
1126 2062 1196 2131 έπὶ’

163 2167 366 2255 Καρχηδόνα
401 2167 643 2255 μνημονεύοιμι
684 2163 749 2235 άπό
784 2194 820 2241 τε
856 2166 1032 2253 Αἰγύπτου
1073 2192 1179 2257 παρα·

162 2263 423 2342 σκευασθέντων
441 2274 497 2342 καί
517 2274 613 2360 [τῶν]
643 2275 676 2355 ἐξ
700 2269 838 2354 Ἰταλίας
865 2269 916 2342 ἐπ’
946 2270 1053 2362 αύτην
1080 2281 1179 2343 πλευ-

163 2378 311 2468 σάντων,
342 2380 422 2468 μήτε
456 2374 500 2460 ὡς
531 2382 598 2448 τῶν
630 2386 837 2468 Πυρηναίων
869 2377 959 2469 όρων
996 2380 1180 2469 ἐκράτησας

163 2487 286 2556 ναυσὶν
324 2488 490 2575 ἐκπέμψας
531 2483 581 2554 ἐπ’
622 2483 707 2555 αὐτά
749 2485 949 2575 στράτευμα,
990 2486 1071 2576 μήτε
1110 2488 1179 2557 τῶν

119 2593 303 2680 Βέναγχός
330 2612 384 2662 σοι
411 2592 569 2673 πολλάκις
586 2590 669 2681 πρὸς
687 2590 767 2672 τοὺς
793 2592 987 2682 βαρβάρους
1009 2594 1194 2683 πραχθέν-

163 2725 241 2785 των,
268 2696 343 2786 μητ’
374 2708 408 2768 εί
430 2726 461 2767 τι
488 2701 644 2768 τοιούτου
671 2700 784 2787 ἕτερον
815 2702 884 2768 των
910 2699 1011 2768 πάλαι
1039 2698 1179 2787 γεγονὸς

163 2806 283 2892 λέληθε
309 2802 389 2885 τούς
415 2805 568 2886 πολλούς.
609 2804 679 2873 ἐπεὶ
706 2806 763 2873 καὶ
793 2803 856 2893 τὴν
880 2803 1051 2892 Ἀντιόχου
1078 2805 1178 2875 πόλιν

164 2910 344 2998 ἐπώνυμον
371 2911 643 3000 ἐπονομάζουσαν
671 2906 784 2980 ἀκούω
812 2911 977 2993 πολλάκις.
1019 2917 1090 2982 ἐστι
1116 2910 1177 3001 μέν

164 3015 228 3106 γάρ
266 3015 321 3086 διὰ
358 3016 417 3087 τὸν
453 3025 626 3104 κτίσαντα,
662 3026 801 3088 πλουτεῖ
835 3017 871 3086 δὲ
908 3015 973 3107 ἥδη
1005 3019 1062 3088 καὶ
1094 3016 1178 3109 πρὸς

164 3120 297 3193 άπασαν
325 3120 486 3214 εύπορίαν
504 3127 683 3194 ἐπιδέδωκε
711 3122 767 3193 διά
786 3123 822 3193 σὲ
850 3127 984 3212 λιμένας
1011 3108 1178 3215 εύόρμούς
1205 3164 1206 3168 ,

231 3279 247 3327 2
270 3269 412 3336 τοιούτοις
431 3268 538 3341 ἕτέροις
555 3274 590 3345 V]
614 3269 721 3341 ἑτέροις
744 3269 887 3337 τοιούτοις
955 3281 971 3329 6
993 3277 1026 3329 τδ
1051 3266 1125 3330 αύτὸ
1141 3276 1177 3341 V,

163 3338 194 3396 τό
215 3338 303 3396 αύτὸν
321 3348 365 3409 Μ,
388 3338 421 3397 τό
440 3340 530 3397 αὑτοῦ
552 3361 570 3395 v
639 3347 654 3397 ⁷
677 3343 761 3411 δίκης
780 3343 819 3411 Μ]
843 3344 927 3410 νίκης
995 3347 1011 3396 9
1034 3344 1092 3398 τῶν
1115 3344 1176 3399 εδδ.

162 3415 186 3463 V
221 3403 406 3480 ηάφθράνθη
424 3413 450 3461 V
519 3415 549 3463 11
574 3405 736 3480 ηανύμενον
755 3409 875 3480 θαλεροί]
892 3405 1074 3479 ηαννύμενον
1143 3415 1177 3465 12

163 3496 194 3547 ηε
238 3475 292 3532 δεῖ
382 3483 414 3533 13
442 3473 614 3545 ἐπεξελθεῖν
645 3478 686 3547 Η]
718 3474 855 3533 ἐπελθεῖν
884 3485 888 3545 1
924 3484 986 3540 τοῖς
1017 3478 1063 3533 σοὶ
1088 3497 1177 3549 πραχ-

162 3548 262 3599 θεῖσιν
285 3549 321 3611 V,
352 3552 413 3607 τοῖς
442 3548 600 3614 πραχθεῖσι
629 3560 674 3599 σοι
695 3552 738 3613 Μ,
764 3551 825 3608 τοῖς
849 3549 1028 3616 πραχθεῖσιν
1056 3564 1074 3601 v
1144 3550 1176 3601 1⁶

163 3607 383 3733 ρνΙημΙρνρύοιμι]
394 3612 611 3697 μνημονεύσω]
635 3616 640 3682 Ι
666 3609 724 3668 άπό
743 3615 795 3697 τῇς
812 3612 1016 3735 αὲηύπτὸονὴΜί
1070 3612 1181 3737 Ῑλδξῶτρ

162 3699 198 3802 τιθ
212 3699 275 3817 (μὴ8
292 3719 322 3801 δ’
333 3683 457 3816 Ιόάιντόίς
475 3681 508 3750 V]
528 3700 653 3803 {Qut
671 3687 843 3803 Ξάόίίύτεδδ.
865 3702 952 3817 aytg.
967 3680 1097 3818 αὲαύτάύ
1113 3700 1177 3817 σού,

153 3817 227 3866 Ιῖείι.
244 3824 316 3881 μυεῖ
332 3810 486 3886 ἐπτόννμον
505 3819 568 3874 αδδ.
593 3834 638 3871 σοι
656 3810 764 3885 ἑαυτὴν
815 3821 849 3872 25
867 3815 918 3871 διά
935 3813 966 3872 σε
984 3816 1055 3887 VM]
1075 3817 1176 3873 διάει
