<?xml version="1.0" encoding="UTF-8"?>
<!DOCTYPE html PUBLIC "-//W3C//DTD XHTML 1.0 Transitional//EN"
    "http://www.w3.org/TR/xhtml1/DTD/xhtml1-transitional.dtd">
<html xmlns="http://www.w3.org/1999/xhtml" xml:lang="en" lang="en">
 <head>
  <title>
</title>
<meta http-equiv="Content-Type" content="text/html;charset=utf-8" />
  <meta name='ocr-system' content='tesseract 3.04.00' />
  <meta name='ocr-capabilities' content='ocr_page ocr_carea ocr_par ocr_line ocrx_word'/>
</head>
<body>
  <div class='ocr_page' id='page_1' title='image "./iulianiimperato02juligoog_0024.png"; bbox 0 0 2416 4290; ppageno 0'>
   <div class='ocr_carea' id='block_1_1' title="bbox 74 39 1152 257">
    <p class='ocr_par' dir='ltr' id='par_1_1' title="bbox 74 39 1152 295">
     <span class='ocr_line' id='line_1_1' title="bbox 74 39 1152 257; baseline -0.022 -30"><span class='ocrx_word' id='word_1_1' title='bbox 74 39 1152 257; x_wconf 82' lang='grc' dir='ltr'><strong><em>-Ι</em></strong></span> 
     </span>
    </p>
   </div>
   <div class='ocr_carea' id='block_1_2' title="bbox 543 403 1137 467">
    <p class='ocr_par' dir='ltr' id='par_1_2' title="bbox 543 403 1137 467">
     <span class='ocr_line' id='line_1_2' title="bbox 543 403 1137 467; baseline -0.012 -13"><span class='ocrx_word' id='word_1_2' title='bbox 543 403 680 457; x_wconf 73' lang='grc' dir='ltr'><strong><em>οπιπιο</em></strong></span> <span class='ocrx_word' id='word_1_3' title='bbox 697 406 719 457; x_wconf 86' lang='lat'><strong><em>1.</em></strong></span> <span class='ocrx_word' id='word_1_4' title='bbox 1102 406 1137 467; x_wconf 72' lang='grc' dir='ltr'><strong><em>χχ</em></strong></span> 
     </span>
    </p>
   </div>
   <div class='ocr_carea' id='block_1_3' title="bbox 74 528 1193 3708">
    <p class='ocr_par' dir='ltr' id='par_1_3' title="bbox 74 528 1193 3708">
     <span class='ocr_line' id='line_1_3' title="bbox 74 528 1138 625; baseline 0.002 -28"><span class='ocrx_word' id='word_1_5' title='bbox 74 538 76 545; x_wconf 87' lang='grc'><strong>’</strong></span> <span class='ocrx_word' id='word_1_6' title='bbox 117 528 234 617; x_wconf 90' lang='grc' dir='ltr'><strong><em>φύσει,</em></strong></span> <span class='ocrx_word' id='word_1_7' title='bbox 263 529 370 619; x_wconf 88' lang='grc' dir='ltr'><strong><em>νόμος</em></strong></span> <span class='ocrx_word' id='word_1_8' title='bbox 398 530 435 600; x_wconf 76' lang='grc' dir='ltr'><strong><em>δὲ</em></strong></span> <span class='ocrx_word' id='word_1_9' title='bbox 463 532 578 601; x_wconf 78' lang='grc' dir='ltr'><strong><em>ἐδίδου</em></strong></span> <span class='ocrx_word' id='word_1_10' title='bbox 611 548 730 621; x_wconf 75' lang='grc' dir='ltr'><strong><em>γαμεῖν</em></strong></span> <span class='ocrx_word' id='word_1_11' title='bbox 764 530 916 623; x_wconf 82' lang='grc' dir='ltr'><strong><em>ἀδελφὴν</em></strong></span> <span class='ocrx_word' id='word_1_12' title='bbox 941 536 987 625; x_wconf 79' lang='grc' dir='ltr'><strong><em>τῷ</em></strong></span> <span class='ocrx_word' id='word_1_13' title='bbox 1015 535 1138 622; x_wconf 80' lang='grc' dir='ltr'><strong><em>Πέρση.</em></strong></span> 
     </span>
     <span class='ocr_line' id='line_1_4' title="bbox 117 633 1139 729; baseline 0.005 -25"><span class='ocrx_word' id='word_1_14' title='bbox 117 633 177 724; x_wconf 83' lang='grc' dir='ltr'><strong><em>τήν</em></strong></span> <span class='ocrx_word' id='word_1_15' title='bbox 211 634 279 724; x_wconf 84' lang='grc' dir='ltr'><strong><em>σὴν</em></strong></span> <span class='ocrx_word' id='word_1_16' title='bbox 317 637 355 706; x_wconf 79' lang='grc' dir='ltr'><strong><em>δέ</em></strong></span> <span class='ocrx_word' id='word_1_17' title='bbox 386 638 510 727; x_wconf 88' lang='grc' dir='ltr'><strong><em>μητέρα</em></strong></span> <span class='ocrx_word' id='word_1_18' title='bbox 545 636 630 708; x_wconf 87' lang='grc' dir='ltr'><strong><em>κατά</em></strong></span> <span class='ocrx_word' id='word_1_19' title='bbox 665 636 745 720; x_wconf 87' lang='grc' dir='ltr'><strong><em>τούς</em></strong></span> <span class='ocrx_word' id='word_1_20' title='bbox 780 637 859 729; x_wconf 89' lang='grc' dir='ltr'><strong><em>παρ’</em></strong></span> <span class='ocrx_word' id='word_1_21' title='bbox 893 635 975 728; x_wconf 85' lang='grc' dir='ltr'><strong><em>ήμΐν</em></strong></span> <span class='ocrx_word' id='word_1_22' title='bbox 1011 640 1139 727; x_wconf 82' lang='grc' dir='ltr'><strong><em>νόμους</em></strong></span> 
     </span>
     <span class='ocr_line' id='line_1_5' title="bbox 117 739 1138 835; baseline 0.005 -25"><span class='ocrx_word' id='word_1_23' title='bbox 117 739 310 833; x_wconf 86' lang='grc' dir='ltr'><strong><em>ἀχράντους</em></strong></span> <span class='ocrx_word' id='word_1_24' title='bbox 337 744 393 813; x_wconf 80' lang='grc' dir='ltr'><strong><em>καί</em></strong></span> <span class='ocrx_word' id='word_1_25' title='bbox 424 742 578 835; x_wconf 83' lang='grc' dir='ltr'><strong><em>καθαράς</em></strong></span> <span class='ocrx_word' id='word_1_26' title='bbox 604 742 663 826; x_wconf 84' lang='grc' dir='ltr'><strong><em>τάς</em></strong></span> <span class='ocrx_word' id='word_1_27' title='bbox 690 746 896 834; x_wconf 77' lang='grc' dir='ltr'><strong><em>οἰκειότητας</em></strong></span> <span class='ocrx_word' id='word_1_28' title='bbox 922 746 1044 826; x_wconf 86' lang='grc' dir='ltr'><strong><em>ταύτας</em></strong></span> <span class='ocrx_word' id='word_1_29' title='bbox 1071 774 1138 833; x_wconf 91' lang='grc' dir='ltr'><strong><em>φν-</em></strong></span> 
     </span>
     <span class='ocr_line' id='line_1_6' title="bbox 117 848 1138 941; baseline 0.004 -24"><span class='ocrx_word' id='word_1_30' title='bbox 117 848 310 918; x_wconf 90' lang='grc' dir='ltr'><strong><em>λάττονσαν</em></strong></span> <span class='ocrx_word' id='word_1_31' title='bbox 458 854 520 921; x_wconf 85' lang='grc' dir='ltr'><strong><em>τοῦ</em></strong></span> <span class='ocrx_word' id='word_1_32' title='bbox 552 851 613 939; x_wconf 80' lang='grc' dir='ltr'><strong><em>μέν</em></strong></span> <span class='ocrx_word' id='word_1_33' title='bbox 646 848 732 920; x_wconf 81' lang='grc' dir='ltr'><strong><em>εἶναι</em></strong></span> <span class='ocrx_word' id='word_1_34' title='bbox 770 857 889 939; x_wconf 81' lang='grc' dir='ltr'><strong><em>παῖδα,</em></strong></span> <span class='ocrx_word' id='word_1_35' title='bbox 922 850 1068 941; x_wconf 84' lang='grc' dir='ltr'><strong><em>γαμετήν</em></strong></span> <span class='ocrx_word' id='word_1_36' title='bbox 1099 850 1138 921; x_wconf 78' lang='grc' dir='ltr'><strong><em>δέ</em></strong></span> 
     </span>
     <span class='ocr_line' id='line_1_7' title="bbox 93 953 1138 1046; baseline 0.005 -24"><span class='ocrx_word' id='word_1_37' title='bbox 93 956 245 1043; x_wconf 80' lang='grc' dir='ltr'><strong><em>σὲτέρου,</em></strong></span> <span class='ocrx_word' id='word_1_38' title='bbox 274 957 333 1026; x_wconf 79' lang='grc' dir='ltr'><strong><em>καὶ</em></strong></span> <span class='ocrx_word' id='word_1_39' title='bbox 360 953 513 1045; x_wconf 83' lang='grc' dir='ltr'><strong><em>ἀδελφήν</em></strong></span> <span class='ocrx_word' id='word_1_40' title='bbox 541 956 660 1043; x_wconf 86' lang='grc' dir='ltr'><strong><em>ἀλλον,</em></strong></span> <span class='ocrx_word' id='word_1_41' title='bbox 688 960 743 1027; x_wconf 82' lang='grc' dir='ltr'><strong><em>καί</em></strong></span> <span class='ocrx_word' id='word_1_42' title='bbox 772 962 906 1028; x_wconf 92' lang='grc' dir='ltr'><strong><em>πολλῶν</em></strong></span> <span class='ocrx_word' id='word_1_43' title='bbox 934 955 1138 1046; x_wconf 79' lang='grc' dir='ltr'><strong><em>αὐτοκρατό-</em></strong></span> 
     </span>
     <span class='ocr_line' id='line_1_8' title="bbox 120 1056 1183 1155; baseline 0.004 -26"><span class='ocrx_word' id='word_1_44' title='bbox 120 1088 200 1149; x_wconf 97' lang='grc' dir='ltr'><strong><em>ρων,</em></strong></span> <span class='ocrx_word' id='word_1_45' title='bbox 228 1059 306 1150; x_wconf 82' lang='grc' dir='ltr'><strong><em>ούχὶ</em></strong></span> <span class='ocrx_word' id='word_1_46' title='bbox 335 1062 372 1132; x_wconf 84' lang='grc' dir='ltr'><strong><em>δέ</em></strong></span> <span class='ocrx_word' id='word_1_47' title='bbox 399 1060 475 1144; x_wconf 85' lang='grc' dir='ltr'><strong><em>ἔνός</em></strong></span> <span class='ocrx_word' id='word_1_48' title='bbox 501 1067 633 1155; x_wconf 89' lang='grc' dir='ltr'><strong><em>μητέρα.</em></strong></span> <span class='ocrx_word' id='word_1_49' title='bbox 679 1056 729 1133; x_wconf 87' lang='grc' dir='ltr'><strong><em>ῶν</em></strong></span> <span class='ocrx_word' id='word_1_50' title='bbox 757 1060 773 1132; x_wconf 87' lang='grc' dir='ltr'><strong><em>ό</em></strong></span> <span class='ocrx_word' id='word_1_51' title='bbox 803 1067 864 1152; x_wconf 88' lang='grc' dir='ltr'><strong><em>μέν</em></strong></span> <span class='ocrx_word' id='word_1_52' title='bbox 891 1092 941 1145; x_wconf 88' lang='grc' dir='ltr'><strong><em>τις</em></strong></span> <span class='ocrx_word' id='word_1_53' title='bbox 966 1067 1013 1155; x_wconf 79' lang='grc' dir='ltr'><strong><em>τῶ</em></strong></span> <span class='ocrx_word' id='word_1_54' title='bbox 1040 1064 1183 1153; x_wconf 84' lang='grc' dir='ltr'><strong><em>πατρίῙ)</em></strong></span> 
     </span>
     <span class='ocr_line' id='line_1_9' title="bbox 118 1168 1139 1259; baseline 0.003 -24"><span class='ocrx_word' id='word_1_55' title='bbox 118 1169 426 1259; x_wconf 75' lang='grc' dir='ltr'><strong><em>συγκατειργάσατο</em></strong></span> <span class='ocrx_word' id='word_1_56' title='bbox 454 1168 515 1238; x_wconf 89' lang='grc' dir='ltr'><strong><em>τὸν</em></strong></span> <span class='ocrx_word' id='word_1_57' title='bbox 542 1169 627 1259; x_wconf 88' lang='grc' dir='ltr'><strong><em>πρὸς</em></strong></span> <span class='ocrx_word' id='word_1_58' title='bbox 654 1169 733 1252; x_wconf 86' lang='grc' dir='ltr'><strong><em>τοὺς</em></strong></span> <span class='ocrx_word' id='word_1_59' title='bbox 765 1171 956 1258; x_wconf 74' lang='grc' dir='ltr'><strong><em>τυράννους</em></strong></span> <span class='ocrx_word' id='word_1_60' title='bbox 983 1170 1139 1257; x_wconf 89' lang='grc' dir='ltr'><strong><em>πόλεμον,</em></strong></span> 
     </span>
     <span class='ocr_line' id='line_1_10' title="bbox 116 1269 1141 1366; baseline 0.001 -24"><span class='ocrx_word' id='word_1_61' title='bbox 116 1269 136 1342; x_wconf 86' lang='grc' dir='ltr'><strong><em>ό</em></strong></span> <span class='ocrx_word' id='word_1_62' title='bbox 165 1274 207 1342; x_wconf 73' lang='grc' dir='ltr'><strong><em>δὲ</em></strong></span> <span class='ocrx_word' id='word_1_63' title='bbox 233 1272 297 1363; x_wconf 89' lang='grc' dir='ltr'><strong><em>τήν</em></strong></span> <span class='ocrx_word' id='word_1_64' title='bbox 315 1274 399 1366; x_wconf 87' lang='grc' dir='ltr'><strong><em>πρὸς</em></strong></span> <span class='ocrx_word' id='word_1_65' title='bbox 424 1274 505 1357; x_wconf 84' lang='grc' dir='ltr'><strong><em>τούς</em></strong></span> <span class='ocrx_word' id='word_1_66' title='bbox 525 1278 627 1358; x_wconf 80' lang='grc' dir='ltr'><strong><em>Γέτας</em></strong></span> <span class='ocrx_word' id='word_1_67' title='bbox 652 1272 734 1364; x_wconf 75' lang='grc' dir='ltr'><strong><em>ἡμῖν</em></strong></span> <span class='ocrx_word' id='word_1_68' title='bbox 762 1276 900 1365; x_wconf 86' lang='grc' dir='ltr'><strong><em>είρήνην</em></strong></span> <span class='ocrx_word' id='word_1_69' title='bbox 927 1291 997 1356; x_wconf 82' lang='grc' dir='ltr'><strong><em>τοῖς</em></strong></span> <span class='ocrx_word' id='word_1_70' title='bbox 1024 1273 1141 1357; x_wconf 83' lang='grc' dir='ltr'><strong><em>ὅπλοις</em></strong></span> 
     </span>
     <span class='ocr_line' id='line_1_11' title="bbox 116 1379 1140 1473; baseline 0.002 -25"><span class='ocrx_word' id='word_1_71' title='bbox 116 1379 288 1469; x_wconf 80' lang='grc' dir='ltr'><strong><em>κρατήσας</em></strong></span> <span class='ocrx_word' id='word_1_72' title='bbox 315 1379 448 1471; x_wconf 79' lang='grc' dir='ltr'><strong><em>ἀσφαλῆ</em></strong></span> <span class='ocrx_word' id='word_1_73' title='bbox 476 1382 733 1473; x_wconf 77' lang='grc' dir='ltr'><strong><em>παρεσκεύασεν,</em></strong></span> <span class='ocrx_word' id='word_1_74' title='bbox 762 1379 779 1453; x_wconf 90' lang='grc' dir='ltr'><strong><em>ό</em></strong></span> <span class='ocrx_word' id='word_1_75' title='bbox 805 1383 842 1452; x_wconf 83' lang='grc' dir='ltr'><strong><em>δέ</em></strong></span> <span class='ocrx_word' id='word_1_76' title='bbox 870 1384 1029 1471; x_wconf 79' lang='grc' dir='ltr'><strong><em>ἐτήρησεν</em></strong></span> <span class='ocrx_word' id='word_1_77' title='bbox 1057 1380 1140 1469; x_wconf 86' lang='grc' dir='ltr'><strong><em>άβα-</em></strong></span> 
     </span>
     <span class='ocr_line' id='line_1_12' title="bbox 77 1486 1140 1578; baseline 0.004 -25"><span class='ocrx_word' id='word_1_78' title='bbox 77 1514 102 1553; x_wconf 83' lang='grc' dir='ltr'><strong><em>ιο</em></strong></span> <span class='ocrx_word' id='word_1_79' title='bbox 116 1512 181 1555; x_wconf 94' lang='grc' dir='ltr'><strong><em>τον</em></strong></span> <span class='ocrx_word' id='word_1_80' title='bbox 208 1502 279 1569; x_wconf 80' lang='grc' dir='ltr'><strong><em>τοῖς</em></strong></span> <span class='ocrx_word' id='word_1_81' title='bbox 310 1495 481 1576; x_wconf 90' lang='grc' dir='ltr'><strong><em>πολεμίοις</em></strong></span> <span class='ocrx_word' id='word_1_82' title='bbox 511 1487 573 1577; x_wconf 85' lang='grc' dir='ltr'><strong><em>τήν</em></strong></span> <span class='ocrx_word' id='word_1_83' title='bbox 600 1489 729 1578; x_wconf 90' lang='grc' dir='ltr'><strong><em>χῶραν,</em></strong></span> <span class='ocrx_word' id='word_1_84' title='bbox 764 1486 866 1571; x_wconf 87' lang='grc' dir='ltr'><strong><em>αύτδς</em></strong></span> <span class='ocrx_word' id='word_1_85' title='bbox 893 1488 1140 1578; x_wconf 74' lang='grc' dir='ltr'><strong><em>ἐπιστρατεύειν</em></strong></span> 
     </span>
     <span class='ocr_line' id='line_1_13' title="bbox 118 1592 1139 1685; baseline 0.002 -24"><span class='ocrx_word' id='word_1_86' title='bbox 118 1595 263 1674; x_wconf 85' lang='grc' dir='ltr'><strong><em>ἐκείνοις</em></strong></span> <span class='ocrx_word' id='word_1_87' title='bbox 290 1594 461 1681; x_wconf 80' lang='grc' dir='ltr'><strong><em>πολλάκις,</em></strong></span> <span class='ocrx_word' id='word_1_88' title='bbox 489 1597 551 1677; x_wconf 69' lang='grc' dir='ltr'><strong><em>ἔως</em></strong></span> <span class='ocrx_word' id='word_1_89' title='bbox 578 1597 759 1685; x_wconf 80' lang='grc' dir='ltr'><strong><em>ἐπέτρεπον</em></strong></span> <span class='ocrx_word' id='word_1_90' title='bbox 786 1600 823 1664; x_wconf 90' lang='grc' dir='ltr'><strong><em>οί</em></strong></span> <span class='ocrx_word' id='word_1_91' title='bbox 847 1594 967 1683; x_wconf 87' lang='grc' dir='ltr'><strong><em>μικρὸν</em></strong></span> <span class='ocrx_word' id='word_1_92' title='bbox 995 1592 1139 1682; x_wconf 78' lang='grc' dir='ltr'><strong><em>ὕστερον</em></strong></span> 
     </span>
     <span class='ocr_line' id='line_1_14' title="bbox 118 1697 1139 1791; baseline 0.004 -24"><span class='ocrx_word' id='word_1_93' title='bbox 118 1701 190 1768; x_wconf 91' lang='grc' dir='ltr'><strong><em>τῶν</em></strong></span> <span class='ocrx_word' id='word_1_94' title='bbox 215 1705 263 1781; x_wconf 89' lang='grc' dir='ltr'><strong><em>είς</em></strong></span> <span class='ocrx_word' id='word_1_95' title='bbox 291 1702 421 1770; x_wconf 83' lang='grc' dir='ltr'><strong><em>ἐκεῖνον</em></strong></span> <span class='ocrx_word' id='word_1_96' title='bbox 447 1698 663 1791; x_wconf 90' lang='grc' dir='ltr'><strong><em>ἀδικημάτων</em></strong></span> <span class='ocrx_word' id='word_1_97' title='bbox 682 1707 781 1790; x_wconf 89' lang='grc' dir='ltr'><strong><em>δίκην</em></strong></span> <span class='ocrx_word' id='word_1_98' title='bbox 808 1697 1018 1789; x_wconf 78' lang='grc' dir='ltr'><strong><em>ὑποσχόντες.</em></strong></span> <span class='ocrx_word' id='word_1_99' title='bbox 1059 1709 1139 1771; x_wconf 92' lang='grc' dir='ltr'><strong><em>πολ-</em></strong></span> 
     </span>
     <span class='ocr_line' id='line_1_15' title="bbox 120 1802 1136 1898; baseline 0.001 -24"><span class='ocrx_word' id='word_1_100' title='bbox 120 1807 193 1874; x_wconf 87' lang='grc' dir='ltr'><strong><em>λῶν</em></strong></span> <span class='ocrx_word' id='word_1_101' title='bbox 218 1805 255 1875; x_wconf 85' lang='grc' dir='ltr'><strong><em>δέ</em></strong></span> <span class='ocrx_word' id='word_1_102' title='bbox 284 1802 506 1897; x_wconf 71' lang='grc' dir='ltr'><strong><em>ὑπαρχόντων</em></strong></span> <span class='ocrx_word' id='word_1_103' title='bbox 533 1811 673 1889; x_wconf 89' lang='grc' dir='ltr'><strong><em>ἐκείνοις</em></strong></span> <span class='ocrx_word' id='word_1_104' title='bbox 704 1811 901 1898; x_wconf 77' lang='grc' dir='ltr'><strong><em>περιφανῶν</em></strong></span> <span class='ocrx_word' id='word_1_105' title='bbox 929 1814 1053 1897; x_wconf 90' lang='grc' dir='ltr'><strong><em>ἔργων,</em></strong></span> <span class='ocrx_word' id='word_1_106' title='bbox 1080 1802 1136 1895; x_wconf 91' lang='grc' dir='ltr'><strong><em>ἐφ’</em></strong></span> 
     </span>
     <span class='ocr_line' id='line_1_16' title="bbox 121 1906 1139 2001; baseline 0.002 -22"><span class='ocrx_word' id='word_1_107' title='bbox 121 1906 173 1993; x_wconf 84' lang='grc' dir='ltr'><strong><em>οἷς</em></strong></span> <span class='ocrx_word' id='word_1_108' title='bbox 200 1910 245 1982; x_wconf 84' lang='grc' dir='ltr'><strong><em>ἀν</em></strong></span> <span class='ocrx_word' id='word_1_109' title='bbox 271 1940 321 1994; x_wconf 89' lang='grc' dir='ltr'><strong><em>τις</em></strong></span> <span class='ocrx_word' id='word_1_110' title='bbox 348 1911 470 1995; x_wconf 84' lang='grc' dir='ltr'><strong><em>αύτούς</em></strong></span> <span class='ocrx_word' id='word_1_111' title='bbox 489 1919 625 1995; x_wconf 88' lang='grc' dir='ltr'><strong><em>δικαίως</em></strong></span> <span class='ocrx_word' id='word_1_112' title='bbox 653 1916 801 1983; x_wconf 80' lang='grc' dir='ltr'><strong><em>ἐπαινεῖν</em></strong></span> <span class='ocrx_word' id='word_1_113' title='bbox 825 1920 905 2001; x_wconf 86' lang='grc' dir='ltr'><strong><em>ἔχοι,</em></strong></span> <span class='ocrx_word' id='word_1_114' title='bbox 933 1916 988 1982; x_wconf 81' lang='grc' dir='ltr'><strong><em>καὶ</em></strong></span> <span class='ocrx_word' id='word_1_115' title='bbox 1016 1916 1083 1981; x_wconf 90' lang='grc' dir='ltr'><strong><em>τῶν</em></strong></span> <span class='ocrx_word' id='word_1_116' title='bbox 1102 1914 1139 1981; x_wconf 87' lang='grc' dir='ltr'><strong><em>ἐκ</em></strong></span> 
     </span>
     <span class='ocr_line' id='line_1_17' title="bbox 82 2017 1193 2109; baseline 0.002 -23"><span class='ocrx_word' id='word_1_117' title='bbox 82 2021 179 2106; x_wconf 75' lang='grc' dir='ltr'><strong><em>ατής</em></strong></span> <span class='ocrx_word' id='word_1_118' title='bbox 205 2019 308 2107; x_wconf 83' lang='grc' dir='ltr'><strong><em>τύχης</em></strong></span> <span class='ocrx_word' id='word_1_119' title='bbox 340 2017 481 2107; x_wconf 78' lang='grc' dir='ltr'><strong><em>ἀγαθῶν</em></strong></span> <span class='ocrx_word' id='word_1_120' title='bbox 513 2027 719 2109; x_wconf 87' lang='grc' dir='ltr'><strong><em>περιουσίας·</em></strong></span> <span class='ocrx_word' id='word_1_121' title='bbox 753 2017 855 2090; x_wconf 88' lang='grc' dir='ltr'><strong><em>ούδέν</em></strong></span> <span class='ocrx_word' id='word_1_122' title='bbox 888 2023 956 2088; x_wconf 88' lang='grc' dir='ltr'><strong><em>ἐστι</em></strong></span> <span class='ocrx_word' id='word_1_123' title='bbox 983 2022 1140 2088; x_wconf 82' lang='grc' dir='ltr'><strong><em>τοιοῦτον</em></strong></span> <span class='ocrx_word' id='word_1_124' title='bbox 1158 2038 1193 2089; x_wconf 87' lang='grc'><strong><em>10</em></strong></span> 
     </span>
     <span class='ocr_line' id='line_1_18' title="bbox 120 2118 1141 2218; baseline 0.001 -26"><span class='ocrx_word' id='word_1_125' title='bbox 120 2128 189 2193; x_wconf 88' lang='grc' dir='ltr'><strong><em>τῶν</em></strong></span> <span class='ocrx_word' id='word_1_126' title='bbox 207 2122 330 2214; x_wconf 88' lang='grc' dir='ltr'><strong><em>ἀλλων,</em></strong></span> <span class='ocrx_word' id='word_1_127' title='bbox 358 2123 408 2213; x_wconf 92' lang='grc' dir='ltr'><strong><em>ἐφ’</em></strong></span> <span class='ocrx_word' id='word_1_128' title='bbox 439 2118 466 2218; x_wconf 78' lang='grc' dir='ltr'><em>ᾦ</em></span> <span class='ocrx_word' id='word_1_129' title='bbox 489 2133 677 2216; x_wconf 81' lang='grc' dir='ltr'><strong><em>μακαρίζων</em></strong></span> <span class='ocrx_word' id='word_1_130' title='bbox 701 2124 773 2215; x_wconf 84' lang='grc' dir='ltr'><strong><em>(ἀν)</em></strong></span> <span class='ocrx_word' id='word_1_131' title='bbox 797 2154 846 2208; x_wconf 88' lang='grc' dir='ltr'><strong><em>τις</em></strong></span> <span class='ocrx_word' id='word_1_132' title='bbox 864 2123 988 2206; x_wconf 79' lang='grc' dir='ltr'><strong><em>αύτούς</em></strong></span> <span class='ocrx_word' id='word_1_133' title='bbox 1006 2125 1141 2207; x_wconf 78' lang='grc' dir='ltr'><strong><em>εἰκότως</em></strong></span> 
     </span>
     <span class='ocr_line' id='line_1_19' title="bbox 123 2227 1140 2321; baseline 0.001 -23"><span class='ocrx_word' id='word_1_134' title='bbox 123 2231 294 2320; x_wconf 86' lang='grc' dir='ltr'><strong><em>σεμνύνοι,</em></strong></span> <span class='ocrx_word' id='word_1_135' title='bbox 323 2227 369 2313; x_wconf 85' lang='grc' dir='ltr'><strong><em>ῶς</em></strong></span> <span class='ocrx_word' id='word_1_136' title='bbox 391 2229 442 2301; x_wconf 85' lang='grc' dir='ltr'><strong><em>ότι</em></strong></span> <span class='ocrx_word' id='word_1_137' title='bbox 469 2235 537 2302; x_wconf 89' lang='grc' dir='ltr'><strong><em>τῶν</em></strong></span> <span class='ocrx_word' id='word_1_138' title='bbox 560 2232 621 2321; x_wconf 81' lang='grc' dir='ltr'><strong><em>μέν</em></strong></span> <span class='ocrx_word' id='word_1_139' title='bbox 649 2229 821 2320; x_wconf 90' lang='grc' dir='ltr'><strong><em>ἀπόγονοι,</em></strong></span> <span class='ocrx_word' id='word_1_140' title='bbox 849 2236 917 2301; x_wconf 91' lang='grc' dir='ltr'><strong><em>τῶν</em></strong></span> <span class='ocrx_word' id='word_1_141' title='bbox 941 2231 979 2301; x_wconf 80' lang='grc' dir='ltr'><strong><em>δέ</em></strong></span> <span class='ocrx_word' id='word_1_142' title='bbox 1006 2238 1140 2318; x_wconf 82' lang='grc' dir='ltr'><strong><em>ἔγγονοι</em></strong></span> 
     </span>
     <span class='ocr_line' id='line_1_20' title="bbox 122 2335 1140 2429; baseline -0.001 -23"><span class='ocrx_word' id='word_1_143' title='bbox 122 2335 343 2427; x_wconf 88' lang='grc' dir='ltr'><strong><em>(γεγόνασιν).</em></strong></span> <span class='ocrx_word' id='word_1_144' title='bbox 380 2335 447 2407; x_wconf 88' lang='grc' dir='ltr'><strong><em>ἀλλ’</em></strong></span> <span class='ocrx_word' id='word_1_145' title='bbox 478 2343 535 2407; x_wconf 83' lang='grc' dir='ltr'><strong><em>ἵνα</em></strong></span> <span class='ocrx_word' id='word_1_146' title='bbox 561 2337 605 2427; x_wconf 85' lang='grc' dir='ltr'><strong><em>μή</em></strong></span> <span class='ocrx_word' id='word_1_147' title='bbox 634 2340 818 2429; x_wconf 89' lang='grc' dir='ltr'><strong><em>μακρότερα</em></strong></span> <span class='ocrx_word' id='word_1_148' title='bbox 846 2339 921 2427; x_wconf 84' lang='grc' dir='ltr'><strong><em>περὶ</em></strong></span> <span class='ocrx_word' id='word_1_149' title='bbox 949 2335 1061 2406; x_wconf 84' lang='grc' dir='ltr'><strong><em>αὐτῶν</em></strong></span> <span class='ocrx_word' id='word_1_150' title='bbox 1088 2338 1140 2405; x_wconf 83' lang='grc' dir='ltr'><strong><em>λέ-</em></strong></span> 
     </span>
     <span class='ocr_line' id='line_1_21' title="bbox 121 2440 1141 2533; baseline -0.002 -20"><span class='ocrx_word' id='word_1_151' title='bbox 121 2470 192 2529; x_wconf 90' lang='grc' dir='ltr'><strong><em>γωυ</em></strong></span> <span class='ocrx_word' id='word_1_152' title='bbox 219 2442 281 2515; x_wconf 87' lang='grc' dir='ltr'><strong><em>τὸν</em></strong></span> <span class='ocrx_word' id='word_1_153' title='bbox 309 2442 529 2533; x_wconf 90' lang='grc' dir='ltr'><strong><em>ὀφειλόμενον</em></strong></span> <span class='ocrx_word' id='word_1_154' title='bbox 556 2460 627 2526; x_wconf 76' lang='grc' dir='ltr'><strong><em>τοῖς</em></strong></span> <span class='ocrx_word' id='word_1_155' title='bbox 655 2448 803 2526; x_wconf 89' lang='grc' dir='ltr'><strong><em>ἐπαίνοις</em></strong></span> <span class='ocrx_word' id='word_1_156' title='bbox 829 2459 899 2524; x_wconf 83' lang='grc' dir='ltr'><strong><em>τοῖς</em></strong></span> <span class='ocrx_word' id='word_1_157' title='bbox 922 2458 994 2523; x_wconf 84' lang='grc' dir='ltr'><strong><em>σοῖς</em></strong></span> <span class='ocrx_word' id='word_1_158' title='bbox 1021 2440 1141 2530; x_wconf 86' lang='grc' dir='ltr'><strong><em>καιρὸν</em></strong></span> 
     </span>
     <span class='ocr_line' id='line_1_22' title="bbox 87 2544 1142 2641; baseline -0.001 -24"><span class='ocrx_word' id='word_1_159' title='bbox 87 2546 286 2620; x_wconf 86' lang='grc' dir='ltr'><strong><em>ιοάναλῶσω</em></strong></span> <span class='ocrx_word' id='word_1_160' title='bbox 322 2554 384 2620; x_wconf 83' lang='grc' dir='ltr'><strong><em>τού</em></strong></span> <span class='ocrx_word' id='word_1_161' title='bbox 420 2551 539 2639; x_wconf 90' lang='grc' dir='ltr'><strong><em>λόγον,</em></strong></span> <span class='ocrx_word' id='word_1_162' title='bbox 580 2551 777 2641; x_wconf 88' lang='grc' dir='ltr'><strong><em>πειράσομαι</em></strong></span> <span class='ocrx_word' id='word_1_163' title='bbox 818 2548 938 2618; x_wconf 89' lang='grc' dir='ltr'><strong><em>λοιπὸν</em></strong></span> <span class='ocrx_word' id='word_1_164' title='bbox 975 2544 1020 2629; x_wconf 91' lang='grc' dir='ltr'><strong><em>ῶς</em></strong></span> <span class='ocrx_word' id='word_1_165' title='bbox 1060 2544 1142 2635; x_wconf 80' lang='grc' dir='ltr'><strong><em>ήμῑν</em></strong></span> 
     </span>
     <span class='ocr_line' id='line_1_23' title="bbox 121 2653 1140 2746; baseline -0.002 -21"><span class='ocrx_word' id='word_1_166' title='bbox 121 2653 232 2745; x_wconf 86' lang='grc' dir='ltr'><strong><em>ἀξιον,</em></strong></span> <span class='ocrx_word' id='word_1_167' title='bbox 266 2660 393 2746; x_wconf 83' lang='grc' dir='ltr'><strong><em>μάλλον</em></strong></span> <span class='ocrx_word' id='word_1_168' title='bbox 421 2660 473 2744; x_wconf 89' lang='grc' dir='ltr'><strong><em>δέ,</em></strong></span> <span class='ocrx_word' id='word_1_169' title='bbox 506 2664 537 2726; x_wconf 84' lang='grc' dir='ltr'><strong><em>εί</em></strong></span> <span class='ocrx_word' id='word_1_170' title='bbox 564 2664 618 2727; x_wconf 80' lang='grc' dir='ltr'><strong><em>δεῖ</em></strong></span> <span class='ocrx_word' id='word_1_171' title='bbox 646 2657 752 2745; x_wconf 74' lang='grc' dir='ltr'><strong><em>μηδὲν</em></strong></span> <span class='ocrx_word' id='word_1_172' title='bbox 785 2653 1067 2743; x_wconf 82' lang='grc' dir='ltr'><strong><em>ὑποστειλάμενον</em></strong></span> <span class='ocrx_word' id='word_1_173' title='bbox 1094 2660 1140 2724; x_wconf 90' lang='grc' dir='ltr'><strong><em>εί-</em></strong></span> 
     </span>
     <span class='ocr_line' id='line_1_24' title="bbox 120 2762 1140 2856; baseline -0.001 -25"><span class='ocrx_word' id='word_1_174' title='bbox 120 2779 212 2851; x_wconf 87' lang='grc' dir='ltr'><strong><em>πεῑν,</em></strong></span> <span class='ocrx_word' id='word_1_175' title='bbox 255 2767 370 2856; x_wconf 77' lang='grc' dir='ltr'><strong><em>μακρῷ</em></strong></span> <span class='ocrx_word' id='word_1_176' title='bbox 411 2766 480 2832; x_wconf 91' lang='grc' dir='ltr'><strong><em>τῶν</em></strong></span> <span class='ocrx_word' id='word_1_177' title='bbox 516 2764 695 2852; x_wconf 90' lang='grc' dir='ltr'><strong><em>προγόνων</em></strong></span> <span class='ocrx_word' id='word_1_178' title='bbox 737 2766 887 2844; x_wconf 84' lang='grc' dir='ltr'><strong><em>ἐπιδείξω</em></strong></span> <span class='ocrx_word' id='word_1_179' title='bbox 929 2762 1140 2851; x_wconf 90' lang='grc' dir='ltr'><strong><em>σεμνότερον.</em></strong></span> 
     </span>
     <span class='ocr_line' id='line_1_25' title="bbox 120 2864 1181 2958; baseline -0.003 -20"><span class='ocrx_word' id='word_1_180' title='bbox 120 2864 236 2958; x_wconf 84' lang='grc' dir='ltr'><strong><em>φήμας</em></strong></span> <span class='ocrx_word' id='word_1_181' title='bbox 263 2869 325 2957; x_wconf 73' lang='grc' dir='ltr'><strong><em>μὲν</em></strong></span> <span class='ocrx_word' id='word_1_182' title='bbox 358 2869 399 2958; x_wconf 83' lang='grc' dir='ltr'><strong><em>δή</em></strong></span> <span class='ocrx_word' id='word_1_183' title='bbox 428 2871 484 2938; x_wconf 82' lang='grc' dir='ltr'><strong><em>καί</em></strong></span> <span class='ocrx_word' id='word_1_184' title='bbox 512 2878 667 2958; x_wconf 89' lang='grc' dir='ltr'><strong><em>μαντείας</em></strong></span> <span class='ocrx_word' id='word_1_185' title='bbox 699 2872 753 2938; x_wconf 78' lang='grc' dir='ltr'><strong><em>καὶ</em></strong></span> <span class='ocrx_word' id='word_1_186' title='bbox 787 2868 880 2950; x_wconf 81' lang='grc' dir='ltr'><strong><em>ὄφεις</em></strong></span> <span class='ocrx_word' id='word_1_187' title='bbox 909 2867 969 2949; x_wconf 85' lang='grc' dir='ltr'><strong><em>τὰς</em></strong></span> <span class='ocrx_word' id='word_1_188' title='bbox 1001 2870 1038 2936; x_wconf 85' lang='grc' dir='ltr'><strong><em>ἐν</em></strong></span> <span class='ocrx_word' id='word_1_189' title='bbox 1069 2880 1181 2949; x_wconf 83' lang='grc' dir='ltr'><strong><em>τοῖςΒ</em></strong></span> 
     </span>
     <span class='ocr_line' id='line_1_26' title="bbox 119 2972 1142 3066; baseline -0.002 -22"><span class='ocrx_word' id='word_1_190' title='bbox 119 2972 258 3063; x_wconf 82' lang='grc' dir='ltr'><strong><em>ἀπνοις,</em></strong></span> <span class='ocrx_word' id='word_1_191' title='bbox 295 2979 350 3044; x_wconf 83' lang='grc' dir='ltr'><strong><em>καὶ</em></strong></span> <span class='ocrx_word' id='word_1_192' title='bbox 383 2974 446 3045; x_wconf 89' lang='grc' dir='ltr'><strong><em>ὅσα</em></strong></span> <span class='ocrx_word' id='word_1_193' title='bbox 483 2974 566 3045; x_wconf 89' lang='grc' dir='ltr'><strong><em>ἀλλα</em></strong></span> <span class='ocrx_word' id='word_1_194' title='bbox 601 2985 744 3066; x_wconf 77' lang='grc' dir='ltr'><strong><em>θρυλεῖν</em></strong></span> <span class='ocrx_word' id='word_1_195' title='bbox 781 2975 944 3044; x_wconf 87' lang='grc' dir='ltr'><strong><em>είῶθασιν</em></strong></span> <span class='ocrx_word' id='word_1_196' title='bbox 982 2975 1035 3043; x_wconf 78' lang='grc' dir='ltr'><strong><em>ἐπὶ</em></strong></span> <span class='ocrx_word' id='word_1_197' title='bbox 1072 2976 1142 3043; x_wconf 89' lang='grc' dir='ltr'><strong><em>τῶν</em></strong></span> 
     </span>
     <span class='ocr_line' id='line_1_27' title="bbox 82 3078 1142 3173; baseline -0.002 -23"><span class='ocrx_word' id='word_1_198' title='bbox 82 3108 107 3149; x_wconf 71' lang='grc' dir='ltr'><strong><em>ιι</em></strong></span> <span class='ocrx_word' id='word_1_199' title='bbox 121 3078 212 3151; x_wconf 75' lang='grc' dir='ltr'><strong><em>οὕτω</em></strong></span> <span class='ocrx_word' id='word_1_200' title='bbox 241 3081 376 3173; x_wconf 84' lang='grc' dir='ltr'><strong><em>λαμπρά</em></strong></span> <span class='ocrx_word' id='word_1_201' title='bbox 408 3083 464 3151; x_wconf 79' lang='grc' dir='ltr'><strong><em>καὶ</em></strong></span> <span class='ocrx_word' id='word_1_202' title='bbox 496 3086 665 3170; x_wconf 78' lang='grc' dir='ltr'><strong><em>περιφανῆ</em></strong></span> <span class='ocrx_word' id='word_1_203' title='bbox 693 3083 906 3172; x_wconf 84' lang='grc' dir='ltr'><strong><em>πραξάντων,</em></strong></span> <span class='ocrx_word' id='word_1_204' title='bbox 938 3081 1057 3168; x_wconf 86' lang='grc' dir='ltr'><strong><em>Κύρου</em></strong></span> <span class='ocrx_word' id='word_1_205' title='bbox 1084 3081 1142 3149; x_wconf 80' lang='grc' dir='ltr'><strong><em>καὶ</em></strong></span> 
     </span>
     <span class='ocr_line' id='line_1_28' title="bbox 191 3227 1141 3301; baseline -0.004 -15"><span class='ocrx_word' id='word_1_206' title='bbox 191 3236 280 3287; x_wconf 78' lang='lat' dir='ltr'><strong>30t4</strong></span> <span class='ocrx_word' id='word_1_207' title='bbox 298 3232 449 3301; x_wconf 78' lang='grc' dir='ltr'><strong><em>συνέβαινε</em></strong></span> <span class='ocrx_word' id='word_1_208' title='bbox 467 3239 530 3301; x_wconf 80' lang='lat' dir='ltr'><strong>post</strong></span> <span class='ocrx_word' id='word_1_209' title='bbox 549 3227 753 3301; x_wconf 87' lang='grc' dir='ltr'><strong><em>φυλάττουσαν</em></strong></span> <span class='ocrx_word' id='word_1_210' title='bbox 772 3234 833 3286; x_wconf 82' lang='lat' dir='ltr'><strong>add.</strong></span> <span class='ocrx_word' id='word_1_211' title='bbox 846 3234 923 3295; x_wconf 67' lang='lat' dir='ltr'><strong><em>Rsk„</em></strong></span> <span class='ocrx_word' id='word_1_212' title='bbox 942 3250 993 3299; x_wconf 82' lang='lat' dir='ltr'><strong><em>ego</em></strong></span> <span class='ocrx_word' id='word_1_213' title='bbox 1011 3232 1141 3283; x_wconf 81' lang='lat' dir='ltr'><strong>lacunam</strong></span> 
     </span>
     <span class='ocr_line' id='line_1_29' title="bbox 121 3293 1140 3368; baseline -0.003 -17"><span class='ocrx_word' id='word_1_214' title='bbox 121 3301 283 3367; x_wconf 72' lang='lat' dir='ltr'><strong>significavi</strong></span> <span class='ocrx_word' id='word_1_215' title='bbox 334 3305 350 3356; x_wconf 86' lang='grc'>9</span> <span class='ocrx_word' id='word_1_216' title='bbox 368 3298 485 3368; x_wconf 78' lang='grc' dir='ltr'><strong><em>ἀσφαλῆ</em></strong></span> <span class='ocrx_word' id='word_1_217' title='bbox 503 3297 720 3367; x_wconf 83' lang='grc' dir='ltr'><strong><em>παρεσκεύασεν</em></strong></span> <span class='ocrx_word' id='word_1_218' title='bbox 733 3301 767 3368; x_wconf 88' lang='lat' dir='ltr'><strong><em>V]</em></strong></span> <span class='ocrx_word' id='word_1_219' title='bbox 788 3293 1005 3368; x_wconf 85' lang='grc' dir='ltr'><strong><em>παρεσκεύασεν</em></strong></span> <span class='ocrx_word' id='word_1_220' title='bbox 1022 3293 1140 3364; x_wconf 77' lang='grc' dir='ltr'><strong><em>ἀσφαλ·</em></strong></span> 
     </span>
     <span class='ocr_line' id='line_1_30' title="bbox 124 3316 1140 3447; baseline -0.005 -27"><span class='ocrx_word' id='word_1_221' title='bbox 124 3372 157 3421; x_wconf 84' lang='grc'><strong><em>10</em></strong></span> <span class='ocrx_word' id='word_1_222' title='bbox 173 3370 325 3437; x_wconf 86' lang='grc' dir='ltr'><strong><em>πολεμίοις</em></strong></span> <span class='ocrx_word' id='word_1_223' title='bbox 343 3368 412 3438; x_wconf 85' lang='lat' dir='ltr'><strong><em>VM]</em></strong></span> <span class='ocrx_word' id='word_1_224' title='bbox 431 3369 583 3436; x_wconf 83' lang='grc' dir='ltr'><strong><em>πολεμίοις</em></strong></span> <span class='ocrx_word' id='word_1_225' title='bbox 601 3363 724 3428; x_wconf 81' lang='grc' dir='ltr'><strong><em>ἐκείνοις</em></strong></span> <span class='ocrx_word' id='word_1_226' title='bbox 794 3371 826 3420; x_wconf 87' lang='grc'><strong><em>14</em></strong></span> <span class='ocrx_word' id='word_1_227' title='bbox 845 3361 952 3427; x_wconf 83' lang='grc' dir='ltr'><strong><em>αύτούς</em></strong></span> <span class='ocrx_word' id='word_1_228' title='bbox 969 3366 1089 3447; x_wconf 69' lang='grc' dir='ltr'><strong><em>δχκαίως</em></strong></span> <span class='ocrx_word' id='word_1_229' title='bbox 1106 3316 1140 3430; x_wconf 60' lang='grc' dir='ltr'><strong><em>νή</em></strong></span> 
     </span>
     <span class='ocr_line' id='line_1_31' title="bbox 123 3430 1142 3511; baseline -0.005 -22"><span class='ocrx_word' id='word_1_230' title='bbox 123 3436 247 3498; x_wconf 81' lang='grc' dir='ltr'><strong><em>δικαίως</em></strong></span> <span class='ocrx_word' id='word_1_231' title='bbox 269 3430 379 3498; x_wconf 84' lang='grc' dir='ltr'><strong><em>αύτούς</em></strong></span> <span class='ocrx_word' id='word_1_232' title='bbox 405 3441 410 3501; x_wconf 96' lang='grc' dir='ltr'>Ι</span> <span class='ocrx_word' id='word_1_233' title='bbox 437 3434 497 3505; x_wconf 82' lang='grc' dir='ltr'><strong><em>ἔχοι</em></strong></span> <span class='ocrx_word' id='word_1_234' title='bbox 516 3435 552 3503; x_wconf 90' lang='lat' dir='ltr'><strong><em>V]</em></strong></span> <span class='ocrx_word' id='word_1_235' title='bbox 578 3434 636 3504; x_wconf 85' lang='grc' dir='ltr'><strong><em>ἔχει</em></strong></span> <span class='ocrx_word' id='word_1_236' title='bbox 706 3440 738 3487; x_wconf 77' lang='lat'><strong><em>1⁶</em></strong></span> <span class='ocrx_word' id='word_1_237' title='bbox 760 3432 941 3503; x_wconf 83' lang='grc' dir='ltr'><strong><em>περιουσίας]</em></strong></span> <span class='ocrx_word' id='word_1_238' title='bbox 966 3432 1142 3511; x_wconf 39' lang='grc' dir='ltr'><strong><em>ονσηςιεδδ.</em></strong></span> 
     </span>
     <span class='ocr_line' id='line_1_32' title="bbox 123 3493 1142 3571; baseline -0.006 -16"><span class='ocrx_word' id='word_1_239' title='bbox 123 3504 383 3571; x_wconf 67' lang='grc' dir='ltr'><strong><em>λίγιι.1τοιοῦεον</em></strong></span> <span class='ocrx_word' id='word_1_240' title='bbox 401 3504 437 3571; x_wconf 89' lang='lat' dir='ltr'><strong><em>V]</em></strong></span> <span class='ocrx_word' id='word_1_241' title='bbox 454 3504 570 3557; x_wconf 79' lang='grc' dir='ltr'><strong><em>τοιοῦτο</em></strong></span> <span class='ocrx_word' id='word_1_242' title='bbox 635 3507 667 3555; x_wconf 89' lang='grc'><strong><em>16</em></strong></span> <span class='ocrx_word' id='word_1_243' title='bbox 685 3493 730 3567; x_wconf 83' lang='grc' dir='ltr'><strong><em>ἀν,</em></strong></span> <span class='ocrx_word' id='word_1_244' title='bbox 750 3506 823 3570; x_wconf 90' lang='lat' dir='ltr'><strong>quod</strong></span> <span class='ocrx_word' id='word_1_245' title='bbox 841 3503 953 3556; x_wconf 78' lang='lat' dir='ltr'><strong>Schaef.</strong></span> <span class='ocrx_word' id='word_1_246' title='bbox 972 3506 1033 3567; x_wconf 85' lang='lat' dir='ltr'>post</span> <span class='ocrx_word' id='word_1_247' title='bbox 1051 3517 1073 3569; x_wconf 83' lang='grc' dir='ltr'><strong><em>φ</em></strong></span> <span class='ocrx_word' id='word_1_248' title='bbox 1094 3500 1142 3551; x_wconf 79' lang='grc' dir='ltr'><strong><em>εδ-</em></strong></span> 
     </span>
     <span class='ocr_line' id='line_1_33' title="bbox 123 3559 1139 3647; baseline -0.005 -24"><span class='ocrx_word' id='word_1_249' title='bbox 123 3572 203 3635; x_wconf 74' lang='lat' dir='ltr'><strong>didit,</strong></span> <span class='ocrx_word' id='word_1_250' title='bbox 223 3579 353 3638; x_wconf 76' lang='lat' dir='ltr'>egopost</span> <span class='ocrx_word' id='word_1_251' title='bbox 386 3573 529 3638; x_wconf 78' lang='grc' dir='ltr'><strong><em>αααρίζων</em></strong></span> <span class='ocrx_word' id='word_1_252' title='bbox 566 3575 627 3625; x_wconf 83' lang='lat' dir='ltr'>osui</span> <span class='ocrx_word' id='word_1_253' title='bbox 681 3577 711 3624; x_wconf 79' lang='lat'><strong><em>17</em></strong></span> <span class='ocrx_word' id='word_1_254' title='bbox 730 3564 870 3639; x_wconf 89' lang='grc' dir='ltr'><strong><em>ἀπόγονοι</em></strong></span> <span class='ocrx_word' id='word_1_255' title='bbox 883 3559 1139 3647; x_wconf 42' lang='grc' dir='ltr'><strong><em>Ρει.]1άπόγονοςΙ</em></strong></span> 
     </span>
     <span class='ocr_line' id='line_1_34' title="bbox 123 3590 1141 3708; baseline -0.007 -17"><span class='ocrx_word' id='word_1_256' title='bbox 123 3632 239 3704; x_wconf 80' lang='grc' dir='ltr'><strong><em>ἔκγονοι</em></strong></span> <span class='ocrx_word' id='word_1_257' title='bbox 257 3640 335 3703; x_wconf 61' lang='lat' dir='ltr'><strong><em>Pet„</em></strong></span> <span class='ocrx_word' id='word_1_258' title='bbox 367 3658 469 3708; x_wconf 88' lang='grc' dir='ltr'><strong><em>γγονος</em></strong></span> <span class='ocrx_word' id='word_1_259' title='bbox 488 3642 520 3706; x_wconf 87' lang='lat' dir='ltr'><strong><em>V,</em></strong></span> <span class='ocrx_word' id='word_1_260' title='bbox 541 3590 658 3707; x_wconf 65' lang='grc' dir='ltr'><strong><em>ἔκγονος</em></strong></span> <span class='ocrx_word' id='word_1_261' title='bbox 676 3641 704 3691; x_wconf 89' lang='grc' dir='ltr'><strong>Μ</strong></span> <span class='ocrx_word' id='word_1_262' title='bbox 723 3645 787 3691; x_wconf 81' lang='lat' dir='ltr'><strong><em>etv</em></strong></span> <span class='ocrx_word' id='word_1_263' title='bbox 857 3641 888 3689; x_wconf 93' lang='lat'><strong><em>18</em></strong></span> <span class='ocrx_word' id='word_1_264' title='bbox 906 3649 1061 3703; x_wconf 86' lang='grc' dir='ltr'><strong><em>γεγονασιν</em></strong></span> <span class='ocrx_word' id='word_1_265' title='bbox 1079 3634 1141 3685; x_wconf 76' lang='lat' dir='ltr'>add.</span> 
     </span>
    </p>
   </div>
   <div class='ocr_carea' id='block_1_4' title="bbox 125 3697 1142 3840">
    <p class='ocr_par' dir='ltr' id='par_1_4' title="bbox 125 3697 1142 3840">
     <span class='ocr_line' id='line_1_35' title="bbox 125 3697 1142 3775; baseline -0.01 -14"><span class='ocrx_word' id='word_1_266' title='bbox 125 3708 212 3771; x_wconf 76' lang='lat' dir='ltr'><strong>Wytt.</strong></span> <span class='ocrx_word' id='word_1_267' title='bbox 284 3710 317 3759; x_wconf 78' lang='lat'><strong><em>20</em></strong></span> <span class='ocrx_word' id='word_1_268' title='bbox 334 3701 372 3769; x_wconf 82' lang='grc' dir='ltr'><strong><em>ῶς</em></strong></span> <span class='ocrx_word' id='word_1_269' title='bbox 389 3700 471 3775; x_wconf 79' lang='grc' dir='ltr'><strong><em>ἡμῖν]</em></strong></span> <span class='ocrx_word' id='word_1_270' title='bbox 493 3722 523 3759; x_wconf 90' lang='grc' dir='ltr'><strong><em>σε</em></strong></span> <span class='ocrx_word' id='word_1_271' title='bbox 542 3703 646 3772; x_wconf 84' lang='grc' dir='ltr'><strong><em>ύμνεῑν</em></strong></span> <span class='ocrx_word' id='word_1_272' title='bbox 659 3710 748 3775; x_wconf 82' lang='lat' dir='ltr'><strong>wytt.</strong></span> <span class='ocrx_word' id='word_1_273' title='bbox 783 3707 843 3771; x_wconf 83' lang='lat' dir='ltr'><strong><em>Ego</em></strong></span> <span class='ocrx_word' id='word_1_274' title='bbox 861 3705 955 3755; x_wconf 77' lang='lat' dir='ltr'><strong>malim</strong></span> <span class='ocrx_word' id='word_1_275' title='bbox 973 3718 1003 3755; x_wconf 89' lang='grc' dir='ltr'><strong><em>σε</em></strong></span> <span class='ocrx_word' id='word_1_276' title='bbox 1021 3697 1094 3768; x_wconf 80' lang='grc' dir='ltr'><strong><em>ἡμῖν</em></strong></span> <span class='ocrx_word' id='word_1_277' title='bbox 1113 3706 1142 3752; x_wconf 81' lang='lat' dir='ltr'><strong><em>et</em></strong></span> 
     </span>
     <span class='ocr_line' id='line_1_36' title="bbox 125 3767 1141 3840; baseline -0.006 -16"><span class='ocrx_word' id='word_1_278' title='bbox 125 3774 221 3826; x_wconf 75' lang='lat' dir='ltr'>deinde</span> <span class='ocrx_word' id='word_1_279' title='bbox 240 3767 386 3840; x_wconf 83' lang='grc' dir='ltr'><strong><em>ἐπιδεῖξαι</em></strong></span> <span class='ocrx_word' id='word_1_280' title='bbox 454 3779 487 3827; x_wconf 75' lang='lat'><strong><em>22</em></strong></span> <span class='ocrx_word' id='word_1_281' title='bbox 505 3768 687 3840; x_wconf 63' lang='grc' dir='ltr'><strong><em>ἐπιδείξειν</em></strong></span> <span class='ocrx_word' id='word_1_282' title='bbox 750 3776 784 3825; x_wconf 80' lang='lat'><strong><em>24</em></strong></span> <span class='ocrx_word' id='word_1_283' title='bbox 801 3774 923 3839; x_wconf 78' lang='grc' dir='ltr'><strong><em>θρυλεῖν</em></strong></span> <span class='ocrx_word' id='word_1_284' title='bbox 942 3767 981 3838; x_wconf 84' lang='grc' dir='ltr'><strong><em>Η]</em></strong></span> <span class='ocrx_word' id='word_1_285' title='bbox 1000 3770 1141 3835; x_wconf 84' lang='grc' dir='ltr'><strong><em>θρυλλεῖν</em></strong></span> 
     </span>
    </p>
   </div>
   <div class='ocr_carea' id='block_1_5' title="bbox 0 0 1222 4290">
    <p class='ocr_par' dir='ltr' id='par_1_5' title="bbox 0 0 1222 4290">
     <span class='ocr_line' id='line_1_37' title="bbox 0 0 1222 4290; baseline 0 0"><span class='ocrx_word' id='word_1_286' title='bbox 0 0 1222 4290; x_wconf 95' lang='lat' dir='ltr'><strong><em> </em></strong></span> 
     </span>
    </p>
   </div>
  </div>
 </body>
</html>
