2416 4290
470 224 527 233 --·

540 386 673 442 ORATIO
695 387 718 442 Ι,
1096 386 1138 449 29

100 538 203 600 μενοι
233 510 322 601 μετὰ
356 515 427 581 των
459 510 571 583 ὅπλων
599 520 699 583 ἔθεον
736 510 781 595 τός
808 516 945 595 ἕκαστος
972 512 1037 601 εἶχε
1072 514 1136 602 ῥά-

104 646 170 707 μης
204 646 243 688 τε
278 620 339 688 καὶ
371 618 507 707 τάχους,
539 618 669 708 ἀπειροι
703 620 764 708 μὲν
796 618 891 701 ὅντες
927 617 1021 689 αὐτοὶ
1056 624 1137 703 τέως

105 728 167 813 τῆς
206 728 273 814 σής
311 732 525 813 στρατηγίας,
567 732 615 809 είς
652 725 689 795 δὲ
725 724 787 813 τήν
826 722 956 814 ἡλικίαν
993 722 1177 815 όρῶντεςΒ

110 829 257 919 ἄμεινον
287 828 402 901 αὐτῶν
419 830 456 901 τό
477 835 651 920 συμφέρον
669 839 797 922 κρίνειν
819 824 921 920 ήττον
949 835 1136 902 ἐπίστευον·

85 939 170 1009 ικαὶ
209 936 248 1007 τό
286 936 412 1019 πολλάς
448 938 752 1026 συγκατειργάσθαι
789 942 834 1029 τῷ
871 940 970 1026 πατρὶ
1006 942 1051 1030 τῷ
1089 943 1137 1030 σῷ

116 1044 225 1132 μάχας
253 1045 311 1112 καὶ
343 1047 505 1132 κρατήσαι
536 1048 708 1132 πανταχοῦ
739 1048 785 1136 τῷ
815 1051 928 1114 δοκεῖν
956 1042 1139 1132 ἀηττήτους

116 1148 206 1219 εἶναι
235 1157 490 1238 συνηγωνίζετο.
534 1150 665 1220 τούτων
692 1152 729 1219 δὲ
762 1148 904 1231 οὐδενός
936 1157 1073 1219 ἔλαττον
1100 1149 1138 1219 τό

118 1253 293 1347 παρεστώς
317 1264 530 1345 Παρθυαίων
557 1259 633 1338 δέος
660 1259 782 1345 έπήρεν
811 1252 855 1338 ἀς
883 1254 946 1325 οόκ
974 1254 1138 1342 ἀγωνισο-

119 1365 244 1450 μένους
270 1362 355 1453 πρὸς
380 1361 460 1444 τοὺς
487 1360 614 1451 ἄνδρας
632 1362 749 1450 μόνον,
778 1360 860 1431 ἀλλά
887 1366 942 1430 καὶ
971 1361 1053 1451 πρὸς
1076 1362 1138 1451 τήν

84 1502 108 1541 ιο
121 1468 236 1559 χάραν
264 1466 371 1557 αὐτὴν
403 1475 475 1554 καί,
507 1479 542 1538 εί
564 1498 596 1537 τι
624 1476 734 1557 μεῖζον
767 1473 893 1550 ἔξωθεν
925 1476 1138 1556 προσπίπτοι,

120 1577 176 1645 καλ
204 1575 330 1645 τούτου
357 1575 489 1657 πάντως
516 1575 749 1663 κρατήσοντας.
786 1578 910 1662 ταχέως
928 1566 991 1643 οὖν
1020 1574 1139 1644 ἑκατὸν

121 1679 245 1769 μεταξὺ
286 1682 406 1750 στάδια
447 1681 629 1770 δραμόντες
670 1682 907 1769 ἐφειστήκεσαν
946 1678 1008 1768 ήδη
1046 1690 1177 1770 How-C

121 1794 259 1870 θυαίοις
293 1793 340 1869 είς
371 1786 409 1856 τὸ
446 1804 553 1875 τεῖχος
584 1787 889 1876 καταπεφευγόσιν,
923 1783 942 1855 δ
975 1786 1139 1875 πρότερον

122 1892 186 1983 ἤδη
213 1901 375 1983 πεποίητο
403 1901 523 1982 σφίσιν
551 1891 660 1981 ὥσπερ
689 1894 923 1981 στρατόπεδον.
961 1894 1082 1980 ἑσπέρα
1102 1893 1139 1961 δὲ

92 1991 166 2088 τήν
193 1998 314 2071 λοιπόν
341 2002 397 2070 καὶ
416 1996 434 2069 ὁ
453 2001 596 2089 πόλεμος
623 1997 770 2068 αὐτόθεν
789 2000 1044 2088 ξυνερρήγνυτο.
1082 2001 1138 2068 καλ

123 2105 158 2175 τό
186 2107 249 2196 μέν
282 2121 389 2196 τεῖχος
421 2110 578 2197 αίροῦσιν
610 2104 737 2187 εὐθέως
768 2104 847 2186 τοὺς
876 2104 1138 2195 (ἀμυνομένους)

124 2209 205 2304 ὑπὲρ
234 2211 342 2283 αὐτοῦ
369 2220 567 2293 κτείναντες·
596 2212 770 2301 γενόμενοι
798 2212 835 2281 δὲ
863 2222 941 2281 είσω
970 2216 1036 2279 τῶν
1064 2214 1139 2299 ἐρυ-

123 2319 236 2407 μάτων
272 2318 383 2389 πολὺν
419 2319 480 2408 μὲν
515 2316 694 2408 ήρίστευον
730 2319 868 2409 χρόνον,
908 2315 971 2387 ὑπὸ
1010 2318 1046 2387 δὲ
1079 2320 1140 2385 τοῦ

124 2432 247 2508 δίψους
275 2423 488 2514 ἀπειρηκότες
515 2423 580 2514 ήδη
608 2428 662 2494 καὶ
683 2425 816 2505 λάκκοις
837 2422 956 2503 ὕδατος
983 2423 1139 2511 ἐντυχόν-

88 2559 173 2613 εοτες
202 2539 316 2619 ἔνδον,
343 2530 405 2620 τὴν
432 2538 611 2620 καλλίστην
637 2538 735 2618 νίκην
760 2532 960 2618 διέφθειραν
987 2531 1042 2597 καὶ
1070 2543 1141 2610 τοῖς

121 2646 293 2727 πολεμίοις
311 2641 480 2727 παρέσχον
499 2636 774 2727 ἀναμαχέσασθαι
792 2635 829 2705 τὸ
849 2652 1003 2723 πταῖσμα.
1040 2640 1139 2705 τοῦτο
1158 2644 1183 2699 D

121 2748 216 2827 τέλος
243 2748 302 2833 της
319 2745 425 2834 μάχης
447 2748 576 2833 ἐκείνης
603 2747 730 2832 γέγονε,
758 2758 845 2832 τρεῖς
862 2743 923 2831 μὲν
947 2739 966 2830 ἢ
986 2744 1141 2832 τέτταρας

122 2848 335 2941 ἀφελομένης
361 2855 429 2920 τῶν
456 2848 534 2941 παρ’
565 2847 661 2939 ἡμῖν,
694 2857 907 2939 Παρθυαίων
935 2849 973 2918 δδ
999 2850 1058 2918 τὸν
1086 2850 1140 2917 έπί

192 3090 210 3138 4
234 3080 331 3137 αὐτῶν
353 3085 412 3135 VM
480 3088 496 3136 6
519 3076 551 3136 τὸ
571 3083 670 3135 δοκεῖν
688 3083 710 3129 V
735 3082 740 3146 Ι
765 3073 924 3164 ἀηττήτους
942 3081 978 3148 ΙΙ]
999 3076 1141 3151 ἀήττητος

123 3157 156 3215 V,
175 3145 314 3221 ἀήττητοι
333 3171 351 3201 v
418 3154 435 3202 8
458 3144 603 3218 παρεστός
622 3150 803 3213 Παρθυαίων
822 3149 940 3227 δεοςεὶλ]
960 3151 1140 3215 Παρθυαίων

125 3216 377 3303 δήοςεπαρεστώς.
416 3222 476 3285 Ego
506 3218 817 3284 στολίσι-Παρθυαίοις
847 3218 852 3284 l
883 3236 920 3276 ως
943 3210 995 3298 οχόκ
1019 3220 1125 3305 ὃσλιρεί.

125 3285 784 3423 {2135’tlootmgzssngc15059032601'39
798 3284 848 3419 1ἀλαί
862 3285 1079 3421 ιδὶράτήδόνόοςει
1103 3302 1141 3402 1112

126 3420 296 3490 δραμόντες]
322 3417 556 3489 διαδραμόντεςῖ
637 3426 670 3474 14
695 3421 844 3488 πεποίητο]
874 3423 959 3473 Immo
987 3413 1141 3498 ἐπεποίητο

127 3494 159 3545 15
184 3483 293 3545 αότόθι
316 3493 341 3543 V
422 3495 453 3542 16
479 3482 680 3558 ἀμυνομένους
703 3492 764 3541 εδδ.
788 3493 829 3554 H,
857 3484 923 3549 τοὺς
949 3480 1023 3548 όπὲρ
1050 3479 1142 3539 αότοο

126 3558 307 3627 μαχομένους
325 3558 437 3610 volebat
454 3560 521 3610 Rsk.
592 3561 623 3609 17
646 3557 812 3617 κτείναντες
836 3556 885 3610 καλ
903 3550 1066 3622 ἀμόναντες
1084 3555 1142 3604 VM

129 3631 160 3679 19
181 3634 208 3680 et
230 3632 265 3678 20
292 3621 460 3692 ἐντυχόντες
483 3622 568 3678 ἔνδον
590 3624 631 3692 V]
661 3623 746 3678 ἔνδον
768 3619 835 3677 ἕντο
855 3619 935 3682 ὄντες
1003 3625 1033 3671 21
1059 3628 1086 3672 et
1109 3626 1141 3674 22

127 3694 212 3748 τοῦτο
234 3687 267 3746 τό
290 3690 372 3754 τέλος
395 3694 505 3746 Schaef.
583 3697 616 3745 22
643 3694 694 3760 τῆς
717 3687 810 3760 μάχης
833 3641 945 3757 ίκείνης
967 3688 1000 3756 V]
1028 3683 1142 3758 ἐκείνης

129 3759 290 3830 τῆενᾶιοε
1045 3812 1196 3904 Α
