<?xml version="1.0" encoding="UTF-8"?>
<!DOCTYPE html PUBLIC "-//W3C//DTD XHTML 1.0 Transitional//EN"
    "http://www.w3.org/TR/xhtml1/DTD/xhtml1-transitional.dtd">
<html xmlns="http://www.w3.org/1999/xhtml" xml:lang="en" lang="en">
 <head>
  <title>
</title>
<meta http-equiv="Content-Type" content="text/html;charset=utf-8" />
  <meta name='ocr-system' content='tesseract 3.04.00' />
  <meta name='ocr-capabilities' content='ocr_page ocr_carea ocr_par ocr_line ocrx_word'/>
</head>
<body>
  <div class='ocr_page' id='page_1' title='image "./iulianiimperato02juligoog_0056.png"; bbox 0 0 2416 4290; ppageno 0'>
   <div class='ocr_carea' id='block_1_1' title="bbox 545 366 1142 431">
    <p class='ocr_par' dir='ltr' id='par_1_1' title="bbox 545 366 1142 431">
     <span class='ocr_line' id='line_1_1' title="bbox 545 366 1142 431; baseline 0.002 -12"><span class='ocrx_word' id='word_1_1' title='bbox 545 366 680 419; x_wconf 78' lang='lat' dir='ltr'>ORATIO</span> <span class='ocrx_word' id='word_1_2' title='bbox 700 369 722 420; x_wconf 89' lang='grc' dir='ltr'><strong><em>Ι.</em></strong></span> <span class='ocrx_word' id='word_1_3' title='bbox 1101 366 1142 431; x_wconf 84' lang='grc'><strong><em>41</em></strong></span> 
     </span>
    </p>
   </div>
   <div class='ocr_carea' id='block_1_2' title="bbox 74 493 1188 3143">
    <p class='ocr_par' dir='ltr' id='par_1_2' title="bbox 98 493 1186 1439">
     <span class='ocr_line' id='line_1_2' title="bbox 120 493 1145 588; baseline 0.003 -22"><span class='ocrx_word' id='word_1_4' title='bbox 120 510 313 586; x_wconf 73' lang='grc' dir='ltr'><strong><em>παρασχεῖν</em></strong></span> <span class='ocrx_word' id='word_1_5' title='bbox 348 498 395 588; x_wconf 77' lang='grc' dir='ltr'><strong><em>τῷ</em></strong></span> <span class='ocrx_word' id='word_1_6' title='bbox 434 496 568 583; x_wconf 76' lang='grc' dir='ltr'><strong><em>μεγέθει</em></strong></span> <span class='ocrx_word' id='word_1_7' title='bbox 604 493 666 583; x_wconf 79' lang='grc' dir='ltr'><strong><em>μέν</em></strong></span> <span class='ocrx_word' id='word_1_8' title='bbox 697 494 875 584; x_wconf 75' lang='grc' dir='ltr'><strong><em>ἐνάμιλλον</em></strong></span> <span class='ocrx_word' id='word_1_9' title='bbox 905 514 977 580; x_wconf 80' lang='grc' dir='ltr'><strong><em>ταῖς</em></strong></span> <span class='ocrx_word' id='word_1_10' title='bbox 1009 503 1046 568; x_wconf 84' lang='grc' dir='ltr'><strong><em>ἐκ</em></strong></span> <span class='ocrx_word' id='word_1_11' title='bbox 1077 503 1145 568; x_wconf 77' lang='grc' dir='ltr'><strong><em>τῶν</em></strong></span> 
     </span>
     <span class='ocr_line' id='line_1_3' title="bbox 121 598 1186 697; baseline 0.003 -24"><span class='ocrx_word' id='word_1_12' title='bbox 121 601 238 673; x_wconf 80' lang='grc' dir='ltr'><strong><em>ὅπλων</em></strong></span> <span class='ocrx_word' id='word_1_13' title='bbox 267 605 548 691; x_wconf 80' lang='grc' dir='ltr'><strong><em>περιγινομένοις,</em></strong></span> <span class='ocrx_word' id='word_1_14' title='bbox 574 598 680 690; x_wconf 81' lang='grc' dir='ltr'><strong><em>εὐαγῆ</em></strong></span> <span class='ocrx_word' id='word_1_15' title='bbox 699 601 737 671; x_wconf 75' lang='grc' dir='ltr'><strong><em>δέ</em></strong></span> <span class='ocrx_word' id='word_1_16' title='bbox 764 605 819 671; x_wconf 80' lang='grc' dir='ltr'><strong><em>καί</em></strong></span> <span class='ocrx_word' id='word_1_17' title='bbox 838 604 1005 692; x_wconf 81' lang='grc' dir='ltr'><strong><em>καθαράν,</em></strong></span> <span class='ocrx_word' id='word_1_18' title='bbox 1033 603 1186 697; x_wconf 77' lang='grc' dir='ltr'><strong><em>ὥσπερΒ</em></strong></span> 
     </span>
     <span class='ocr_line' id='line_1_4' title="bbox 123 706 1143 800; baseline 0.003 -21"><span class='ocrx_word' id='word_1_19' title='bbox 123 712 239 800; x_wconf 84' lang='grc' dir='ltr'><strong><em>ίερέως</em></strong></span> <span class='ocrx_word' id='word_1_20' title='bbox 268 711 303 791; x_wconf 88' lang='grc' dir='ltr'><strong><em>ἐς</em></strong></span> <span class='ocrx_word' id='word_1_21' title='bbox 328 712 417 778; x_wconf 78' lang='grc' dir='ltr'><strong><em>θεοῦ</em></strong></span> <span class='ocrx_word' id='word_1_22' title='bbox 442 712 639 797; x_wconf 78' lang='grc' dir='ltr'><strong><em>φοιτῶντος,</em></strong></span> <span class='ocrx_word' id='word_1_23' title='bbox 667 706 735 778; x_wconf 88' lang='grc' dir='ltr'><strong><em>ἀλλ’</em></strong></span> <span class='ocrx_word' id='word_1_24' title='bbox 766 706 808 778; x_wconf 84' lang='grc' dir='ltr'><strong><em>οῦ</em></strong></span> <span class='ocrx_word' id='word_1_25' title='bbox 834 713 996 797; x_wconf 84' lang='grc' dir='ltr'><strong><em>βασιλέως</em></strong></span> <span class='ocrx_word' id='word_1_26' title='bbox 1024 715 1057 794; x_wconf 85' lang='grc' dir='ltr'><strong><em>ἐς</em></strong></span> <span class='ocrx_word' id='word_1_27' title='bbox 1084 714 1143 782; x_wconf 85' lang='grc' dir='ltr'><strong><em>πό-</em></strong></span> 
     </span>
     <span class='ocr_line' id='line_1_5' title="bbox 122 814 1143 908; baseline 0.001 -22"><span class='ocrx_word' id='word_1_28' title='bbox 122 826 243 906; x_wconf 90' lang='grc' dir='ltr'><strong><em>λεμον,</em></strong></span> <span class='ocrx_word' id='word_1_29' title='bbox 276 822 378 905; x_wconf 88' lang='grc' dir='ltr'><strong><em>ἐργον</em></strong></span> <span class='ocrx_word' id='word_1_30' title='bbox 410 817 609 905; x_wconf 85' lang='grc' dir='ltr'><strong><em>γενομένην;</em></strong></span> <span class='ocrx_word' id='word_1_31' title='bbox 642 822 751 885; x_wconf 90' lang='grc' dir='ltr'><strong><em>καίτοι</em></strong></span> <span class='ocrx_word' id='word_1_32' title='bbox 778 843 815 903; x_wconf 91' lang='grc' dir='ltr'><strong><em>γε</em></strong></span> <span class='ocrx_word' id='word_1_33' title='bbox 846 814 913 905; x_wconf 86' lang='grc' dir='ltr'><strong><em>μήν</em></strong></span> <span class='ocrx_word' id='word_1_34' title='bbox 945 818 1066 908; x_wconf 81' lang='grc' dir='ltr'><strong><em>ταύτης</em></strong></span> <span class='ocrx_word' id='word_1_35' title='bbox 1098 826 1143 889; x_wconf 86' lang='grc' dir='ltr'><strong><em>εί-</em></strong></span> 
     </span>
     <span class='ocr_line' id='line_1_6' title="bbox 98 922 1143 1013; baseline 0.007 -26"><span class='ocrx_word' id='word_1_36' title='bbox 98 924 210 994; x_wconf 82' lang='grc' dir='ltr'><strong><em>εκόνα</em></strong></span> <span class='ocrx_word' id='word_1_37' title='bbox 246 926 307 1011; x_wconf 85' lang='grc' dir='ltr'><strong><em>τής</em></strong></span> <span class='ocrx_word' id='word_1_38' title='bbox 342 922 492 1012; x_wconf 77' lang='grc' dir='ltr'><strong><em>πράξεως</em></strong></span> <span class='ocrx_word' id='word_1_39' title='bbox 533 924 647 1013; x_wconf 76' lang='grc' dir='ltr'><strong><em>μακρῷ</em></strong></span> <span class='ocrx_word' id='word_1_40' title='bbox 688 926 886 1011; x_wconf 75' lang='grc' dir='ltr'><strong><em>λειπομένην</em></strong></span> <span class='ocrx_word' id='word_1_41' title='bbox 923 926 978 991; x_wconf 84' lang='grc' dir='ltr'><strong><em>καί</em></strong></span> <span class='ocrx_word' id='word_1_42' title='bbox 1015 928 1143 1012; x_wconf 86' lang='grc' dir='ltr'><strong><em>Πέρσαι</em></strong></span> 
     </span>
     <span class='ocr_line' id='line_1_7' title="bbox 124 1024 1143 1120; baseline 0 -21"><span class='ocrx_word' id='word_1_43' title='bbox 124 1030 307 1120; x_wconf 77' lang='grc' dir='ltr'><strong><em>θρυλοῦσι,</em></strong></span> <span class='ocrx_word' id='word_1_44' title='bbox 334 1024 415 1110; x_wconf 87' lang='grc' dir='ltr'><strong><em>τοῦς</em></strong></span> <span class='ocrx_word' id='word_1_45' title='bbox 431 1036 583 1118; x_wconf 81' lang='grc' dir='ltr'><strong><em>Δαρείου</em></strong></span> <span class='ocrx_word' id='word_1_46' title='bbox 610 1032 733 1109; x_wconf 77' lang='grc' dir='ltr'><strong><em>παῖδας</em></strong></span> <span class='ocrx_word' id='word_1_47' title='bbox 755 1031 817 1097; x_wconf 90' lang='grc' dir='ltr'><strong><em>τοῦ</em></strong></span> <span class='ocrx_word' id='word_1_48' title='bbox 843 1028 967 1116; x_wconf 86' lang='grc' dir='ltr'><strong><em>πατρὸς</em></strong></span> <span class='ocrx_word' id='word_1_49' title='bbox 994 1032 1143 1119; x_wconf 90' lang='grc' dir='ltr'><strong><em>τελευτή-</em></strong></span> 
     </span>
     <span class='ocr_line' id='line_1_8' title="bbox 126 1130 1142 1227; baseline 0.002 -23"><span class='ocrx_word' id='word_1_50' title='bbox 126 1157 250 1219; x_wconf 89' lang='grc' dir='ltr'><strong><em>σαντος</em></strong></span> <span class='ocrx_word' id='word_1_51' title='bbox 275 1130 362 1227; x_wconf 78' lang='grc' dir='ltr'><strong><em>ῦπέρ</em></strong></span> <span class='ocrx_word' id='word_1_52' title='bbox 388 1138 448 1224; x_wconf 83' lang='grc' dir='ltr'><strong><em>τῆς</em></strong></span> <span class='ocrx_word' id='word_1_53' title='bbox 474 1132 578 1224; x_wconf 77' lang='grc' dir='ltr'><strong><em>ἀρχῆς</em></strong></span> <span class='ocrx_word' id='word_1_54' title='bbox 601 1138 867 1224; x_wconf 77' lang='grc' dir='ltr'><strong><em>διαφερομένους</em></strong></span> <span class='ocrx_word' id='word_1_55' title='bbox 894 1141 971 1225; x_wconf 75' lang='grc' dir='ltr'><strong><em>δίκη</em></strong></span> <span class='ocrx_word' id='word_1_56' title='bbox 998 1135 1039 1205; x_wconf 85' lang='grc' dir='ltr'><strong><em>τὰ</em></strong></span> <span class='ocrx_word' id='word_1_57' title='bbox 1066 1134 1142 1207; x_wconf 71' lang='grc' dir='ltr'><strong><em>καθ’</em></strong></span> 
     </span>
     <span class='ocr_line' id='line_1_9' title="bbox 127 1238 1144 1331; baseline 0.001 -19"><span class='ocrx_word' id='word_1_58' title='bbox 127 1239 253 1325; x_wconf 87' lang='grc' dir='ltr'><strong><em>αῦτοῦς</em></strong></span> <span class='ocrx_word' id='word_1_59' title='bbox 279 1244 337 1311; x_wconf 82' lang='grc' dir='ltr'><strong><em>καὶ</em></strong></span> <span class='ocrx_word' id='word_1_60' title='bbox 365 1238 407 1311; x_wconf 84' lang='grc' dir='ltr'><strong><em>οῦ</em></strong></span> <span class='ocrx_word' id='word_1_61' title='bbox 433 1244 474 1331; x_wconf 78' lang='grc' dir='ltr'><strong><em>τῇ</em></strong></span> <span class='ocrx_word' id='word_1_62' title='bbox 501 1244 570 1310; x_wconf 77' lang='grc' dir='ltr'><strong><em>τῶν</em></strong></span> <span class='ocrx_word' id='word_1_63' title='bbox 599 1238 712 1310; x_wconf 83' lang='grc' dir='ltr'><strong><em>ὅπλων</em></strong></span> <span class='ocrx_word' id='word_1_64' title='bbox 739 1244 910 1329; x_wconf 80' lang='grc' dir='ltr'><strong><em>ἐπιτρέψαι</em></strong></span> <span class='ocrx_word' id='word_1_65' title='bbox 937 1250 1053 1329; x_wconf 88' lang='grc' dir='ltr'><strong><em>κρίσει.</em></strong></span> <span class='ocrx_word' id='word_1_66' title='bbox 1090 1246 1144 1313; x_wconf 81' lang='grc' dir='ltr'><strong><em>σοί</em></strong></span> 
     </span>
     <span class='ocr_line' id='line_1_10' title="bbox 128 1344 1144 1439; baseline 0.001 -20"><span class='ocrx_word' id='word_1_67' title='bbox 128 1348 164 1419; x_wconf 65' lang='lat' dir='ltr'><strong><em>dd</em></strong></span> <span class='ocrx_word' id='word_1_68' title='bbox 190 1347 276 1439; x_wconf 91' lang='grc' dir='ltr'><strong><em>πρὸς</em></strong></span> <span class='ocrx_word' id='word_1_69' title='bbox 303 1347 365 1437; x_wconf 68' lang='grc' dir='ltr'><strong><em>μὲν</em></strong></span> <span class='ocrx_word' id='word_1_70' title='bbox 382 1344 462 1429; x_wconf 87' lang='grc' dir='ltr'><strong><em>τοῦς</em></strong></span> <span class='ocrx_word' id='word_1_71' title='bbox 489 1344 658 1436; x_wconf 74' lang='grc' dir='ltr'><strong><em>ἀδελφοὺς</em></strong></span> <span class='ocrx_word' id='word_1_72' title='bbox 676 1344 754 1417; x_wconf 90' lang='grc' dir='ltr'><strong><em>οῦτε</em></strong></span> <span class='ocrx_word' id='word_1_73' title='bbox 778 1350 908 1430; x_wconf 81' lang='grc' dir='ltr'><strong><em>ἐντοῖς</em></strong></span> <span class='ocrx_word' id='word_1_74' title='bbox 934 1350 1047 1437; x_wconf 89' lang='grc' dir='ltr'><strong><em>λόγοις</em></strong></span> <span class='ocrx_word' id='word_1_75' title='bbox 1066 1348 1144 1420; x_wconf 86' lang='grc' dir='ltr'><strong><em>οῦτε</em></strong></span> 
     </span>
    </p>

    <p class='ocr_par' dir='ltr' id='par_1_3' title="bbox 74 1448 1184 1546">
     <span class='ocr_line' id='line_1_11' title="bbox 74 1448 1184 1546; baseline 0.008 -27"><span class='ocrx_word' id='word_1_76' title='bbox 74 1458 164 1525; x_wconf 55' lang='grc' dir='ltr'><strong><em>Ι’μέν</em></strong></span> <span class='ocrx_word' id='word_1_77' title='bbox 195 1470 268 1537; x_wconf 82' lang='grc' dir='ltr'><strong><em>τοϊς</em></strong></span> <span class='ocrx_word' id='word_1_78' title='bbox 300 1461 411 1545; x_wconf 81' lang='grc' dir='ltr'><strong><em>ἔργοις</em></strong></span> <span class='ocrx_word' id='word_1_79' title='bbox 443 1450 537 1543; x_wconf 73' lang='grc' dir='ltr'><strong><em>ἀγὼν</em></strong></span> <span class='ocrx_word' id='word_1_80' title='bbox 569 1456 709 1541; x_wconf 90' lang='grc' dir='ltr'><strong><em>γέγονεν</em></strong></span> <span class='ocrx_word' id='word_1_81' title='bbox 741 1451 822 1523; x_wconf 70' lang='grc' dir='ltr'><strong><em>οὐδὲ</em></strong></span> <span class='ocrx_word' id='word_1_82' title='bbox 854 1448 914 1536; x_wconf 77' lang='grc' dir='ltr'><strong><em>εἷς·</em></strong></span> <span class='ocrx_word' id='word_1_83' title='bbox 947 1462 1074 1546; x_wconf 81' lang='grc' dir='ltr'><strong><em>ἔχαιρες</em></strong></span> <span class='ocrx_word' id='word_1_84' title='bbox 1106 1457 1184 1529; x_wconf 75' lang='grc' dir='ltr'><strong><em>δέῦ</em></strong></span> 
     </span>
    </p>

    <p class='ocr_par' dir='ltr' id='par_1_4' title="bbox 74 1558 1142 1654">
     <span class='ocr_line' id='line_1_12' title="bbox 74 1558 1142 1654; baseline 0.002 -23"><span class='ocrx_word' id='word_1_85' title='bbox 74 1594 79 1650; x_wconf 66' lang='lat'>3</span> <span class='ocrx_word' id='word_1_86' title='bbox 129 1560 221 1650; x_wconf 82' lang='grc' dir='ltr'><strong><em>οἶμαι</em></strong></span> <span class='ocrx_word' id='word_1_87' title='bbox 248 1565 295 1654; x_wconf 78' lang='grc' dir='ltr'><strong><em>τῷ</em></strong></span> <span class='ocrx_word' id='word_1_88' title='bbox 323 1558 443 1649; x_wconf 89' lang='grc' dir='ltr'><strong><em>κοινήν</em></strong></span> <span class='ocrx_word' id='word_1_89' title='bbox 469 1559 554 1649; x_wconf 88' lang='grc' dir='ltr'><strong><em>πρὸς</em></strong></span> <span class='ocrx_word' id='word_1_90' title='bbox 572 1563 721 1642; x_wconf 77' lang='grc' dir='ltr'><strong><em>ἐκείνους</em></strong></span> <span class='ocrx_word' id='word_1_91' title='bbox 748 1559 838 1629; x_wconf 85' lang='grc' dir='ltr'><strong><em>εἶναί</em></strong></span> <span class='ocrx_word' id='word_1_92' title='bbox 863 1583 917 1631; x_wconf 91' lang='grc' dir='ltr'><strong><em>σοι</em></strong></span> <span class='ocrx_word' id='word_1_93' title='bbox 943 1562 1006 1650; x_wconf 87' lang='grc' dir='ltr'><strong><em>τήν</em></strong></span> <span class='ocrx_word' id='word_1_94' title='bbox 1034 1564 1142 1651; x_wconf 85' lang='grc' dir='ltr'><strong><em>ἐπιμέ-</em></strong></span> 
     </span>
    </p>

    <p class='ocr_par' dir='ltr' id='par_1_5' title="bbox 75 1662 1143 1763">
     <span class='ocr_line' id='line_1_13' title="bbox 127 1662 1143 1757; baseline 0.001 -20.951"><span class='ocrx_word' id='word_1_95' title='bbox 127 1677 221 1737; x_wconf 88' lang='grc' dir='ltr'><strong><em>λειαν</em></strong></span> <span class='ocrx_word' id='word_1_96' title='bbox 249 1670 376 1756; x_wconf 76' lang='grc' dir='ltr'><strong><em>μᾶλλον</em></strong></span> <span class='ocrx_word' id='word_1_97' title='bbox 403 1662 423 1756; x_wconf 85' lang='grc' dir='ltr'><strong><em>ή</em></strong></span> <span class='ocrx_word' id='word_1_98' title='bbox 451 1694 497 1736; x_wconf 74' lang='grc' dir='ltr'><strong><em>τι</em></strong></span> <span class='ocrx_word' id='word_1_99' title='bbox 521 1666 625 1755; x_wconf 90' lang='grc' dir='ltr'><strong><em>μόνος</em></strong></span> <span class='ocrx_word' id='word_1_100' title='bbox 652 1663 810 1737; x_wconf 80' lang='grc' dir='ltr'><strong><em>ἀπάντων</em></strong></span> <span class='ocrx_word' id='word_1_101' title='bbox 828 1670 988 1754; x_wconf 83' lang='grc' dir='ltr'><strong><em>γενέσθαι</em></strong></span> <span class='ocrx_word' id='word_1_102' title='bbox 1016 1670 1143 1757; x_wconf 86' lang='grc' dir='ltr'><strong><em>κύριος·</em></strong></span> 
     </span>
    </p>

    <p class='ocr_par' dir='ltr' id='par_1_6' title="bbox 74 1767 1142 1865">
     <span class='ocr_line' id='line_1_14' title="bbox 74 1767 1142 1865; baseline -0.001 -21"><span class='ocrx_word' id='word_1_103' title='bbox 74 1769 80 1857; x_wconf 69' lang='grc' dir='ltr'><strong><em>,Ι</em></strong></span> <span class='ocrx_word' id='word_1_104' title='bbox 127 1772 210 1865; x_wconf 87' lang='grc' dir='ltr'><strong><em>πρὸς</em></strong></span> <span class='ocrx_word' id='word_1_105' title='bbox 239 1774 277 1844; x_wconf 76' lang='grc' dir='ltr'><strong><em>δὲ</em></strong></span> <span class='ocrx_word' id='word_1_106' title='bbox 303 1772 364 1843; x_wconf 86' lang='grc' dir='ltr'><strong><em>τὸν</em></strong></span> <span class='ocrx_word' id='word_1_107' title='bbox 392 1771 510 1861; x_wconf 70' lang='grc' dir='ltr'><strong><em>ἀσεβὲς</em></strong></span> <span class='ocrx_word' id='word_1_108' title='bbox 536 1772 598 1862; x_wconf 67' lang='grc' dir='ltr'><strong><em>μὲν</em></strong></span> <span class='ocrx_word' id='word_1_109' title='bbox 624 1767 646 1863; x_wconf 86' lang='grc' dir='ltr'><strong><em>ή</em></strong></span> <span class='ocrx_word' id='word_1_110' title='bbox 673 1773 871 1863; x_wconf 80' lang='grc' dir='ltr'><strong><em>παράνομον</em></strong></span> <span class='ocrx_word' id='word_1_111' title='bbox 903 1770 1005 1844; x_wconf 67' lang='grc' dir='ltr'><strong><em>οὐδὲν</em></strong></span> <span class='ocrx_word' id='word_1_112' title='bbox 1033 1781 1142 1863; x_wconf 86' lang='grc' dir='ltr'><strong><em>είργα-</em></strong></span> 
     </span>
    </p>

    <p class='ocr_par' dir='ltr' id='par_1_7' title="bbox 74 1864 1143 1971">
     <span class='ocr_line' id='line_1_15' title="bbox 74 1864 1143 1971; baseline 0.002 -22"><span class='ocrx_word' id='word_1_113' title='bbox 74 1864 81 1957; x_wconf 94' lang='lat'>3</span> <span class='ocrx_word' id='word_1_114' title='bbox 128 1884 264 1969; x_wconf 86' lang='grc' dir='ltr'><strong><em>σμένον,</em></strong></span> <span class='ocrx_word' id='word_1_115' title='bbox 293 1878 433 1950; x_wconf 80' lang='grc' dir='ltr'><strong><em>ἄπιστον</em></strong></span> <span class='ocrx_word' id='word_1_116' title='bbox 452 1879 490 1950; x_wconf 73' lang='grc' dir='ltr'><strong><em>δὲ</em></strong></span> <span class='ocrx_word' id='word_1_117' title='bbox 517 1883 557 1970; x_wconf 83' lang='grc' dir='ltr'><strong><em>τή</em></strong></span> <span class='ocrx_word' id='word_1_118' title='bbox 579 1879 696 1968; x_wconf 77' lang='grc' dir='ltr'><strong><em>γνώμη</em></strong></span> <span class='ocrx_word' id='word_1_119' title='bbox 724 1882 872 1967; x_wconf 84' lang='grc' dir='ltr'><strong><em>φανέντα</em></strong></span> <span class='ocrx_word' id='word_1_120' title='bbox 893 1880 959 1971; x_wconf 82' lang='grc' dir='ltr'><strong><em>(ἐν)</em></strong></span> <span class='ocrx_word' id='word_1_121' title='bbox 987 1883 1143 1969; x_wconf 90' lang='grc' dir='ltr'><strong><em>ἐλέγχοις,</em></strong></span> 
     </span>
    </p>

    <p class='ocr_par' dir='ltr' id='par_1_8' title="bbox 74 1985 778 2079">
     <span class='ocr_line' id='line_1_16' title="bbox 74 1985 778 2079; baseline -0.003 -23"><span class='ocrx_word' id='word_1_122' title='bbox 74 1994 162 2079; x_wconf 63' lang='lat'><strong><em>{¹⁵⁰3</em></strong></span> <span class='ocrx_word' id='word_1_123' title='bbox 184 1985 250 2076; x_wconf 87' lang='grc' dir='ltr'><strong><em>τήν</em></strong></span> <span class='ocrx_word' id='word_1_124' title='bbox 277 1985 435 2056; x_wconf 76' lang='grc' dir='ltr'><strong><em>ἀπιστίαν</em></strong></span> <span class='ocrx_word' id='word_1_125' title='bbox 463 1989 594 2056; x_wconf 90' lang='grc' dir='ltr'><strong><em>ἐκείνου</em></strong></span> <span class='ocrx_word' id='word_1_126' title='bbox 622 1988 778 2067; x_wconf 77' lang='grc' dir='ltr'><strong><em>δείξουσι.</em></strong></span> 
     </span>
    </p>

    <p class='ocr_par' dir='ltr' id='par_1_9' title="bbox 74 2091 1188 2503">
     <span class='ocr_line' id='line_1_17' title="bbox 74 2091 1141 2183; baseline 0.002 -21"><span class='ocrx_word' id='word_1_127' title='bbox 74 2091 76 2097; x_wconf 65' lang='grc'><strong>’</strong></span> <span class='ocrx_word' id='word_1_128' title='bbox 209 2094 345 2183; x_wconf 80' lang='grc' dir='ltr'><strong><em>Ταύτην</em></strong></span> <span class='ocrx_word' id='word_1_129' title='bbox 372 2095 537 2182; x_wconf 79' lang='grc' dir='ltr'><strong><em>ἐκδέχεται</em></strong></span> <span class='ocrx_word' id='word_1_130' title='bbox 566 2098 719 2182; x_wconf 84' lang='grc' dir='ltr'><strong><em>στρατεία</em></strong></span> <span class='ocrx_word' id='word_1_131' title='bbox 747 2091 879 2183; x_wconf 78' lang='grc' dir='ltr'><strong><em>λαμπρὰ</em></strong></span> <span class='ocrx_word' id='word_1_132' title='bbox 906 2093 968 2182; x_wconf 81' lang='grc' dir='ltr'><strong><em>τήν</em></strong></span> <span class='ocrx_word' id='word_1_133' title='bbox 996 2100 1141 2183; x_wconf 75' lang='grc' dir='ltr'><strong><em>δημηγο-</em></strong></span> 
     </span>
     <span class='ocr_line' id='line_1_18' title="bbox 126 2195 1142 2290; baseline 0.001 -22"><span class='ocrx_word' id='word_1_134' title='bbox 126 2206 205 2287; x_wconf 86' lang='grc' dir='ltr'><strong><em>ρίαν</em></strong></span> <span class='ocrx_word' id='word_1_135' title='bbox 247 2201 303 2269; x_wconf 81' lang='grc' dir='ltr'><strong><em>καί</em></strong></span> <span class='ocrx_word' id='word_1_136' title='bbox 344 2200 485 2288; x_wconf 87' lang='grc' dir='ltr'><strong><em>πόλεμος</em></strong></span> <span class='ocrx_word' id='word_1_137' title='bbox 522 2199 620 2287; x_wconf 75' lang='grc' dir='ltr'><strong><em>ἱερός,</em></strong></span> <span class='ocrx_word' id='word_1_138' title='bbox 658 2196 718 2286; x_wconf 82' lang='grc' dir='ltr'><strong><em>οὐχ</em></strong></span> <span class='ocrx_word' id='word_1_139' title='bbox 756 2195 839 2287; x_wconf 76' lang='grc' dir='ltr'><strong><em>ὑπὲρ</em></strong></span> <span class='ocrx_word' id='word_1_140' title='bbox 877 2204 970 2290; x_wconf 85' lang='grc' dir='ltr'><strong><em>ίεροῦ</em></strong></span> <span class='ocrx_word' id='word_1_141' title='bbox 1006 2208 1142 2289; x_wconf 87' lang='grc' dir='ltr'><strong><em>χωρίου,</em></strong></span> 
     </span>
     <span class='ocr_line' id='line_1_19' title="bbox 126 2301 1144 2394; baseline 0 -19"><span class='ocrx_word' id='word_1_142' title='bbox 126 2301 248 2376; x_wconf 80' lang='grc' dir='ltr'><strong><em>ὁποῖον</em></strong></span> <span class='ocrx_word' id='word_1_143' title='bbox 278 2304 340 2376; x_wconf 90' lang='grc' dir='ltr'><strong><em>τὸν</em></strong></span> <span class='ocrx_word' id='word_1_144' title='bbox 373 2303 529 2375; x_wconf 84' lang='grc' dir='ltr'><strong><em>Φωκικὸν</em></strong></span> <span class='ocrx_word' id='word_1_145' title='bbox 561 2302 729 2393; x_wconf 77' lang='grc' dir='ltr'><strong><em>ἀκούομεν</em></strong></span> <span class='ocrx_word' id='word_1_146' title='bbox 761 2308 917 2394; x_wconf 81' lang='grc' dir='ltr'><strong><em>ἐνστῆναι</em></strong></span> <span class='ocrx_word' id='word_1_147' title='bbox 949 2307 1032 2375; x_wconf 79' lang='grc' dir='ltr'><strong><em>κατὰ</em></strong></span> <span class='ocrx_word' id='word_1_148' title='bbox 1063 2306 1144 2388; x_wconf 83' lang='grc' dir='ltr'><strong><em>τοὺς</em></strong></span> 
     </span>
     <span class='ocr_line' id='line_1_20' title="bbox 124 2407 1188 2503; baseline 0 -22"><span class='ocrx_word' id='word_1_149' title='bbox 124 2418 330 2503; x_wconf 71' lang='grc' dir='ltr'><strong><em>ἔμπροσθεν,</em></strong></span> <span class='ocrx_word' id='word_1_150' title='bbox 359 2409 431 2482; x_wconf 86' lang='grc' dir='ltr'><strong><em>ἀλλ’</em></strong></span> <span class='ocrx_word' id='word_1_151' title='bbox 461 2407 545 2502; x_wconf 75' lang='grc' dir='ltr'><strong><em>ῦκέρ</em></strong></span> <span class='ocrx_word' id='word_1_152' title='bbox 572 2415 641 2480; x_wconf 78' lang='grc' dir='ltr'><strong><em>τῶν</em></strong></span> <span class='ocrx_word' id='word_1_153' title='bbox 668 2410 783 2499; x_wconf 90' lang='grc' dir='ltr'><strong><em>νόμων</em></strong></span> <span class='ocrx_word' id='word_1_154' title='bbox 810 2414 866 2480; x_wconf 82' lang='grc' dir='ltr'><strong><em>καί</em></strong></span> <span class='ocrx_word' id='word_1_155' title='bbox 893 2416 951 2500; x_wconf 78' lang='grc' dir='ltr'><strong><em>τῆς</em></strong></span> <span class='ocrx_word' id='word_1_156' title='bbox 977 2417 1144 2494; x_wconf 87' lang='grc' dir='ltr'><strong><em>πολιτείας</em></strong></span> <span class='ocrx_word' id='word_1_157' title='bbox 1160 2428 1188 2481; x_wconf 87' lang='lat' dir='ltr'>D</span> 
     </span>
    </p>

    <p class='ocr_par' dir='ltr' id='par_1_10' title="bbox 85 2510 1142 3035">
     <span class='ocr_line' id='line_1_21' title="bbox 85 2510 1141 2608; baseline -0.001 -20"><span class='ocrx_word' id='word_1_158' title='bbox 85 2521 181 2588; x_wconf 64' lang='grc' dir='ltr'><strong><em>ῖῡκαλ</em></strong></span> <span class='ocrx_word' id='word_1_159' title='bbox 211 2519 324 2608; x_wconf 88' lang='grc' dir='ltr'><strong><em>φόνου</em></strong></span> <span class='ocrx_word' id='word_1_160' title='bbox 351 2521 496 2588; x_wconf 75' lang='grc' dir='ltr'><strong><em>πολιτῶν</em></strong></span> <span class='ocrx_word' id='word_1_161' title='bbox 523 2525 668 2608; x_wconf 84' lang='grc' dir='ltr'><strong><em>μυρίων,</em></strong></span> <span class='ocrx_word' id='word_1_162' title='bbox 701 2510 750 2586; x_wconf 76' lang='grc' dir='ltr'><strong><em>ὦν</em></strong></span> <span class='ocrx_word' id='word_1_163' title='bbox 777 2516 856 2597; x_wconf 85' lang='grc' dir='ltr'><strong><em>τοῦς</em></strong></span> <span class='ocrx_word' id='word_1_164' title='bbox 883 2516 944 2604; x_wconf 78' lang='grc' dir='ltr'><strong><em>μέν</em></strong></span> <span class='ocrx_word' id='word_1_165' title='bbox 973 2515 1141 2607; x_wconf 89' lang='grc' dir='ltr'><strong><em>ἀνηρήκει,</em></strong></span> 
     </span>
     <span class='ocr_line' id='line_1_22' title="bbox 123 2622 1142 2714; baseline 0.001 -21"><span class='ocrx_word' id='word_1_166' title='bbox 123 2624 207 2706; x_wconf 85' lang='grc' dir='ltr'><strong><em>τοῦς</em></strong></span> <span class='ocrx_word' id='word_1_167' title='bbox 243 2625 280 2696; x_wconf 75' lang='grc' dir='ltr'><strong><em>δέ</em></strong></span> <span class='ocrx_word' id='word_1_168' title='bbox 317 2627 486 2713; x_wconf 87' lang='grc' dir='ltr'><strong><em>ἐμέλλησε,</em></strong></span> <span class='ocrx_word' id='word_1_169' title='bbox 522 2622 603 2706; x_wconf 80' lang='grc' dir='ltr'><strong><em>τοὺς</em></strong></span> <span class='ocrx_word' id='word_1_170' title='bbox 640 2624 676 2695; x_wconf 78' lang='grc' dir='ltr'><strong><em>δέ</em></strong></span> <span class='ocrx_word' id='word_1_171' title='bbox 722 2627 910 2714; x_wconf 86' lang='grc' dir='ltr'><strong><em>ἐπεχείρησε</em></strong></span> <span class='ocrx_word' id='word_1_172' title='bbox 951 2632 1142 2713; x_wconf 81' lang='grc' dir='ltr'><strong><em>συλλαβεῖν,</em></strong></span> 
     </span>
     <span class='ocr_line' id='line_1_23' title="bbox 125 2728 1142 2823; baseline 0 -22"><span class='ocrx_word' id='word_1_173' title='bbox 125 2729 238 2823; x_wconf 74' lang='grc' dir='ltr'><strong><em>ὥσπερ</em></strong></span> <span class='ocrx_word' id='word_1_174' title='bbox 266 2730 358 2819; x_wconf 75' lang='grc' dir='ltr'><strong><em>οἶμαι</em></strong></span> <span class='ocrx_word' id='word_1_175' title='bbox 382 2729 501 2812; x_wconf 74' lang='grc' dir='ltr'><strong><em>δεδιώς</em></strong></span> <span class='ocrx_word' id='word_1_176' title='bbox 519 2732 564 2820; x_wconf 90' lang='grc' dir='ltr'><strong><em>μή</em></strong></span> <span class='ocrx_word' id='word_1_177' title='bbox 581 2760 631 2813; x_wconf 89' lang='grc' dir='ltr'><strong><em>τις</em></strong></span> <span class='ocrx_word' id='word_1_178' title='bbox 659 2728 763 2800; x_wconf 82' lang='grc' dir='ltr'><strong><em>αὐτὸν</em></strong></span> <span class='ocrx_word' id='word_1_179' title='bbox 789 2738 929 2819; x_wconf 91' lang='grc' dir='ltr'><strong><em>πολίτην</em></strong></span> <span class='ocrx_word' id='word_1_180' title='bbox 956 2732 1142 2822; x_wconf 78' lang='grc' dir='ltr'><strong><em>μοχθηρόν,</em></strong></span> 
     </span>
     <span class='ocr_line' id='line_1_24' title="bbox 126 2834 1142 2928; baseline 0 -21"><span class='ocrx_word' id='word_1_181' title='bbox 126 2835 199 2907; x_wconf 83' lang='grc' dir='ltr'><strong><em>ἀλλ’</em></strong></span> <span class='ocrx_word' id='word_1_182' title='bbox 230 2835 306 2927; x_wconf 82' lang='grc' dir='ltr'><strong><em>οάχλ</em></strong></span> <span class='ocrx_word' id='word_1_183' title='bbox 334 2838 508 2928; x_wconf 81' lang='grc' dir='ltr'><strong><em>βάρβαρον</em></strong></span> <span class='ocrx_word' id='word_1_184' title='bbox 535 2834 690 2927; x_wconf 81' lang='grc' dir='ltr'><strong><em>ῦπολάβη</em></strong></span> <span class='ocrx_word' id='word_1_185' title='bbox 709 2837 818 2925; x_wconf 83' lang='grc' dir='ltr'><strong><em>φύσει.</em></strong></span> <span class='ocrx_word' id='word_1_186' title='bbox 854 2835 895 2906; x_wconf 85' lang='grc' dir='ltr'><strong><em>τά</em></strong></span> <span class='ocrx_word' id='word_1_187' title='bbox 915 2836 978 2925; x_wconf 81' lang='grc' dir='ltr'><strong><em>γὰρ</em></strong></span> <span class='ocrx_word' id='word_1_188' title='bbox 1008 2844 1054 2918; x_wconf 82' lang='grc' dir='ltr'><strong><em>είς</em></strong></span> <span class='ocrx_word' id='word_1_189' title='bbox 1080 2837 1142 2925; x_wconf 86' lang='grc' dir='ltr'><strong><em>τήν</em></strong></span> 
     </span>
     <span class='ocr_line' id='line_1_25' title="bbox 126 2940 1141 3035; baseline 0 -22"><span class='ocrx_word' id='word_1_190' title='bbox 126 2941 191 3033; x_wconf 84' lang='grc' dir='ltr'><strong><em>σήν</em></strong></span> <span class='ocrx_word' id='word_1_191' title='bbox 219 2950 330 3014; x_wconf 87' lang='grc' dir='ltr'><strong><em>οίκίαν</em></strong></span> <span class='ocrx_word' id='word_1_192' title='bbox 358 2941 544 3033; x_wconf 79' lang='grc' dir='ltr'><strong><em>ἀδικήματα</em></strong></span> <span class='ocrx_word' id='word_1_193' title='bbox 572 2941 713 3025; x_wconf 75' lang='grc' dir='ltr'><strong><em>οὐδενὸς</em></strong></span> <span class='ocrx_word' id='word_1_194' title='bbox 741 2940 821 3012; x_wconf 76' lang='grc' dir='ltr'><strong><em>ὄντα</em></strong></span> <span class='ocrx_word' id='word_1_195' title='bbox 849 2947 916 3012; x_wconf 78' lang='grc' dir='ltr'><strong><em>τῶν</em></strong></span> <span class='ocrx_word' id='word_1_196' title='bbox 943 2948 1041 3035; x_wconf 83' lang='grc' dir='ltr'><strong><em>κοινή</em></strong></span> <span class='ocrx_word' id='word_1_197' title='bbox 1068 2953 1141 3013; x_wconf 91' lang='grc' dir='ltr'><strong><em>τολ-</em></strong></span> 
     </span>
    </p>

    <p class='ocr_par' dir='ltr' id='par_1_11' title="bbox 89 3047 1142 3143">
     <span class='ocr_line' id='line_1_26' title="bbox 89 3047 1142 3143; baseline 0.001 -24"><span class='ocrx_word' id='word_1_198' title='bbox 89 3053 306 3139; x_wconf 57' lang='grc' dir='ltr'><strong><em>ϋμηθέντεον</em></strong></span> <span class='ocrx_word' id='word_1_199' title='bbox 334 3048 423 3143; x_wconf 77' lang='grc' dir='ltr'><strong><em>αὐτῷ</em></strong></span> <span class='ocrx_word' id='word_1_200' title='bbox 443 3050 633 3140; x_wconf 87' lang='grc' dir='ltr'><strong><em>φαυλότερα</em></strong></span> <span class='ocrx_word' id='word_1_201' title='bbox 660 3052 716 3119; x_wconf 83' lang='grc' dir='ltr'><strong><em>καί</em></strong></span> <span class='ocrx_word' id='word_1_202' title='bbox 735 3051 909 3132; x_wconf 83' lang='grc' dir='ltr'><strong><em>ἐλάττονος</em></strong></span> <span class='ocrx_word' id='word_1_203' title='bbox 927 3047 1044 3132; x_wconf 78' lang='grc' dir='ltr'><strong><em>ἀξιοῦν</em></strong></span> <span class='ocrx_word' id='word_1_204' title='bbox 1072 3048 1142 3143; x_wconf 72' lang='grc' dir='ltr'><strong><em>ᾤου</em></strong></span> 
     </span>
    </p>
   </div>
   <div class='ocr_carea' id='block_1_3' title="bbox 125 3271 1143 3817">
    <p class='ocr_par' dir='ltr' id='par_1_12' title="bbox 125 3271 1143 3817">
     <span class='ocr_line' id='line_1_27' title="bbox 192 3271 1142 3356; baseline -0.001 -32"><span class='ocrx_word' id='word_1_205' title='bbox 192 3276 209 3324; x_wconf 99' lang='grc'><strong>2</strong></span> <span class='ocrx_word' id='word_1_206' title='bbox 232 3289 298 3340; x_wconf 80' lang='grc' dir='ltr'><strong><em>περι</em></strong></span> <span class='ocrx_word' id='word_1_207' title='bbox 319 3271 465 3340; x_wconf 85' lang='grc' dir='ltr'><strong><em>ινομέναις</em></strong></span> <span class='ocrx_word' id='word_1_208' title='bbox 487 3272 529 3340; x_wconf 88' lang='grc' dir='ltr'><strong><em>Μ]</em></strong></span> <span class='ocrx_word' id='word_1_209' title='bbox 552 3271 799 3356; x_wconf 81' lang='grc' dir='ltr'><strong><em>παραγινομέναις</em></strong></span> <span class='ocrx_word' id='word_1_210' title='bbox 817 3277 854 3337; x_wconf 91' lang='lat' dir='ltr'><strong><em>V,</em></strong></span> <span class='ocrx_word' id='word_1_211' title='bbox 876 3271 1102 3342; x_wconf 79' lang='grc' dir='ltr'><strong><em>προγενομένοις</em></strong></span> <span class='ocrx_word' id='word_1_212' title='bbox 1124 3290 1142 3323; x_wconf 88' lang='lat' dir='ltr'>v</span> 
     </span>
     <span class='ocr_line' id='line_1_28' title="bbox 125 3290 1142 3420; baseline -0.001 -29"><span class='ocrx_word' id='word_1_213' title='bbox 125 3343 141 3391; x_wconf 86' lang='grc'>3</span> <span class='ocrx_word' id='word_1_214' title='bbox 159 3334 188 3401; x_wconf 83' lang='grc' dir='ltr'><strong><em>ἐς</em></strong></span> <span class='ocrx_word' id='word_1_215' title='bbox 205 3340 280 3407; x_wconf 90' lang='lat' dir='ltr'><strong><em>VM]</em></strong></span> <span class='ocrx_word' id='word_1_216' title='bbox 298 3290 330 3394; x_wconf 78' lang='grc' dir='ltr'><strong><em>ἐκ</em></strong></span> <span class='ocrx_word' id='word_1_217' title='bbox 398 3345 425 3420; x_wconf 41' lang='grc'><strong><em>4.</em></strong></span> <span class='ocrx_word' id='word_1_218' title='bbox 436 3343 534 3394; x_wconf 83' lang='grc' dir='ltr'><strong><em>καίτοι</em></strong></span> <span class='ocrx_word' id='word_1_219' title='bbox 551 3359 584 3408; x_wconf 89' lang='grc' dir='ltr'><strong><em>γε</em></strong></span> <span class='ocrx_word' id='word_1_220' title='bbox 602 3359 660 3410; x_wconf 87' lang='grc' dir='ltr'><strong><em>μην</em></strong></span> <span class='ocrx_word' id='word_1_221' title='bbox 678 3340 759 3409; x_wconf 79' lang='lat' dir='ltr'>Rsk.]</span> <span class='ocrx_word' id='word_1_222' title='bbox 777 3337 827 3394; x_wconf 87' lang='grc' dir='ltr'><strong><em>καὶ</em></strong></span> <span class='ocrx_word' id='word_1_223' title='bbox 845 3336 966 3411; x_wconf 82' lang='grc' dir='ltr'><strong><em>στιγμήν</em></strong></span> <span class='ocrx_word' id='word_1_224' title='bbox 1034 3345 1050 3393; x_wconf 80' lang='lat' dir='ltr'><strong>d</strong></span> <span class='ocrx_word' id='word_1_225' title='bbox 1068 3342 1142 3402; x_wconf 77' lang='grc' dir='ltr'><strong><em>θρυ-</em></strong></span> 
     </span>
     <span class='ocr_line' id='line_1_29' title="bbox 129 3404 1141 3477; baseline -0.002 -19"><span class='ocrx_word' id='word_1_226' title='bbox 129 3408 209 3461; x_wconf 85' lang='grc' dir='ltr'><strong><em>λοῦσι</em></strong></span> <span class='ocrx_word' id='word_1_227' title='bbox 231 3408 270 3476; x_wconf 85' lang='grc' dir='ltr'><strong><em>Η]</em></strong></span> <span class='ocrx_word' id='word_1_228' title='bbox 293 3410 456 3474; x_wconf 69' lang='grc' dir='ltr'><strong><em>θρυλλουοι</em></strong></span> <span class='ocrx_word' id='word_1_229' title='bbox 528 3408 614 3462; x_wconf 86' lang='grc' dir='ltr'><strong><em>13τό</em></strong></span> <span class='ocrx_word' id='word_1_230' title='bbox 638 3404 741 3477; x_wconf 75' lang='grc' dir='ltr'><strong><em>ἀσεβὲς</em></strong></span> <span class='ocrx_word' id='word_1_231' title='bbox 765 3410 790 3461; x_wconf 92' lang='lat' dir='ltr'>V</span> <span class='ocrx_word' id='word_1_232' title='bbox 860 3414 891 3462; x_wconf 83' lang='lat'><strong><em>14</em></strong></span> <span class='ocrx_word' id='word_1_233' title='bbox 915 3406 946 3463; x_wconf 90' lang='grc' dir='ltr'><strong><em>ἐν</em></strong></span> <span class='ocrx_word' id='word_1_234' title='bbox 969 3409 1031 3460; x_wconf 77' lang='lat' dir='ltr'><strong>add.</strong></span> <span class='ocrx_word' id='word_1_235' title='bbox 1048 3406 1141 3471; x_wconf 54' lang='lat' dir='ltr'><strong><em>Eski</em></strong></span> 
     </span>
     <span class='ocr_line' id='line_1_30' title="bbox 128 3467 1124 3545; baseline -0.001 -17"><span class='ocrx_word' id='word_1_236' title='bbox 128 3468 245 3545; x_wconf 79' lang='grc' dir='ltr'><strong><em>ἐλέγχον</em></strong></span> <span class='ocrx_word' id='word_1_237' title='bbox 263 3492 309 3529; x_wconf 88' lang='grc' dir='ltr'><strong><em>σοι</em></strong></span> <span class='ocrx_word' id='word_1_238' title='bbox 327 3478 352 3529; x_wconf 92' lang='lat' dir='ltr'>V</span> <span class='ocrx_word' id='word_1_239' title='bbox 422 3481 454 3530; x_wconf 81' lang='lat'><strong><em>16</em></strong></span> <span class='ocrx_word' id='word_1_240' title='bbox 475 3471 595 3545; x_wconf 82' lang='grc' dir='ltr'><strong><em>στρατιαὶ</em></strong></span> <span class='ocrx_word' id='word_1_241' title='bbox 613 3479 638 3530; x_wconf 92' lang='lat' dir='ltr'>V</span> <span class='ocrx_word' id='word_1_242' title='bbox 707 3481 739 3529; x_wconf 77' lang='lat'><strong><em>17</em></strong></span> <span class='ocrx_word' id='word_1_243' title='bbox 762 3475 812 3530; x_wconf 78' lang='grc' dir='ltr'><strong><em>καί</em></strong></span> <span class='ocrx_word' id='word_1_244' title='bbox 830 3469 846 3531; x_wconf 85' lang='grc' dir='ltr'>ὁ</span> <span class='ocrx_word' id='word_1_245' title='bbox 864 3471 988 3542; x_wconf 86' lang='grc' dir='ltr'><strong><em>πόλεμος</em></strong></span> <span class='ocrx_word' id='word_1_246' title='bbox 1007 3475 1031 3524; x_wconf 96' lang='lat' dir='ltr'>V</span> <span class='ocrx_word' id='word_1_247' title='bbox 1058 3472 1063 3540; x_wconf 89' lang='grc'>1</span> <span class='ocrx_word' id='word_1_248' title='bbox 1089 3467 1124 3527; x_wconf 83' lang='grc' dir='ltr'><strong><em>οῦ</em></strong></span> 
     </span>
     <span class='ocr_line' id='line_1_31' title="bbox 128 3493 1143 3611; baseline -0.001 -16"><span class='ocrx_word' id='word_1_249' title='bbox 128 3561 178 3596; x_wconf 84' lang='grc' dir='ltr'><strong><em>οιο.</em></strong></span> <span class='ocrx_word' id='word_1_250' title='bbox 195 3545 230 3611; x_wconf 84' lang='lat' dir='ltr'><strong><em>V,</em></strong></span> <span class='ocrx_word' id='word_1_251' title='bbox 249 3545 299 3596; x_wconf 74' lang='lat' dir='ltr'><strong><em>sed</em></strong></span> <span class='ocrx_word' id='word_1_252' title='bbox 319 3544 415 3596; x_wconf 79' lang='lat' dir='ltr'><strong>eadem</strong></span> <span class='ocrx_word' id='word_1_253' title='bbox 432 3561 531 3597; x_wconf 77' lang='lat' dir='ltr'><strong>manus</strong></span> <span class='ocrx_word' id='word_1_254' title='bbox 549 3561 569 3601; x_wconf 85' lang='grc' dir='ltr'><strong><em>ε.</em></strong></span> <span class='ocrx_word' id='word_1_255' title='bbox 587 3562 613 3596; x_wconf 90' lang='lat' dir='ltr'><strong><em>v.</em></strong></span> <span class='ocrx_word' id='word_1_256' title='bbox 632 3546 739 3596; x_wconf 80' lang='lat' dir='ltr'><strong>addidit</strong></span> <span class='ocrx_word' id='word_1_257' title='bbox 809 3548 841 3598; x_wconf 86' lang='lat'><strong><em>18</em></strong></span> <span class='ocrx_word' id='word_1_258' title='bbox 859 3540 996 3610; x_wconf 81' lang='grc' dir='ltr'><strong><em>ἐνστῆναι</em></strong></span> <span class='ocrx_word' id='word_1_259' title='bbox 1015 3493 1143 3610; x_wconf 54' lang='lat' dir='ltr'><strong>Sohund</strong></span> 
     </span>
     <span class='ocr_line' id='line_1_32' title="bbox 129 3603 1142 3699; baseline -0.001 -37"><span class='ocrx_word' id='word_1_260' title='bbox 129 3612 231 3679; x_wconf 82' lang='grc' dir='ltr'><strong><em>στῆναι</em></strong></span> <span class='ocrx_word' id='word_1_261' title='bbox 248 3630 279 3674; x_wconf 86' lang='lat' dir='ltr'><strong><em>v,</em></strong></span> <span class='ocrx_word' id='word_1_262' title='bbox 304 3610 444 3664; x_wconf 86' lang='grc' dir='ltr'><strong><em>συοτ”ναι</em></strong></span> <span class='ocrx_word' id='word_1_263' title='bbox 462 3614 519 3664; x_wconf 79' lang='lat' dir='ltr'>Pet.</span> <span class='ocrx_word' id='word_1_264' title='bbox 588 3616 622 3664; x_wconf 89' lang='grc'><strong><em>20</em></strong></span> <span class='ocrx_word' id='word_1_265' title='bbox 644 3607 783 3682; x_wconf 85' lang='grc' dir='ltr'><strong><em>ἀνηρήκει</em></strong></span> <span class='ocrx_word' id='word_1_266' title='bbox 800 3612 838 3679; x_wconf 84' lang='grc' dir='ltr'><strong><em>Η]</em></strong></span> <span class='ocrx_word' id='word_1_267' title='bbox 864 3603 992 3677; x_wconf 85' lang='grc' dir='ltr'><strong><em>ἀνήρηκε</em></strong></span> <span class='ocrx_word' id='word_1_268' title='bbox 1010 3611 1045 3667; x_wconf 84' lang='lat' dir='ltr'><strong><em>V.</em></strong></span> <span class='ocrx_word' id='word_1_269' title='bbox 1068 3603 1142 3699; x_wconf 78' lang='grc' dir='ltr'><strong><em>ἀνή-</em></strong></span> 
     </span>
     <span class='ocr_line' id='line_1_33' title="bbox 128 3629 1141 3817; baseline -0.001 -84"><span class='ocrx_word' id='word_1_270' title='bbox 128 3696 268 3817; x_wconf 33' lang='lat' dir='ltr'><strong><em>maza&amp;</em></strong></span> <span class='ocrx_word' id='word_1_271' title='bbox 286 3629 764 3813; x_wconf 52' lang='grc' dir='ltr'><strong><em>Μ21ἐχηέηχηχχλοῖἐρ1αέπχχχίριοε</em></strong></span> <span class='ocrx_word' id='word_1_272' title='bbox 788 3680 813 3730; x_wconf 89' lang='lat' dir='ltr'>V</span> <span class='ocrx_word' id='word_1_273' title='bbox 882 3682 915 3731; x_wconf 87' lang='grc'><strong><em>23</em></strong></span> <span class='ocrx_word' id='word_1_274' title='bbox 932 3671 1003 3746; x_wconf 74' lang='grc' dir='ltr'><strong><em>,οῦχλ</em></strong></span> <span class='ocrx_word' id='word_1_275' title='bbox 1025 3678 1058 3746; x_wconf 89' lang='lat' dir='ltr'><strong><em>V]</em></strong></span> <span class='ocrx_word' id='word_1_276' title='bbox 1082 3696 1116 3734; x_wconf 92' lang='grc' dir='ltr'><strong><em>ου</em></strong></span> <span class='ocrx_word' id='word_1_277' title='bbox 1136 3678 1141 3745; x_wconf 86' lang='grc'>1</span> 
     </span>
    </p>
   </div>
   <div class='ocr_carea' id='block_1_4' title="bbox 0 0 1215 4290">
    <p class='ocr_par' dir='ltr' id='par_1_13' title="bbox 0 0 1215 4290">
     <span class='ocr_line' id='line_1_34' title="bbox 0 0 1215 4290; baseline 0 0"><span class='ocrx_word' id='word_1_278' title='bbox 0 0 1215 4290; x_wconf 95' lang='lat' dir='ltr'><strong><em> </em></strong></span> 
     </span>
    </p>
   </div>
  </div>
 </body>
</html>
