2416 4290
549 412 682 466 οιιετιο
700 416 723 465 1.
1101 412 1144 476 47

123 539 251 630 νόμους,
278 541 337 610 καὶ
357 535 375 609 ὁ
394 538 510 629 θώραξ
528 539 593 629 (ἐκ)
621 540 800 629 τμημάτων
827 538 910 609 κατά
937 538 975 609 τὸ
1005 540 1146 627 στέρνον

123 649 179 717 καὶ
208 645 250 716 τά
278 650 372 716 νῦτα
398 647 699 736 συναρμοζόμενος,
726 645 764 715 τὸ
783 646 906 735 κράνος
924 644 1014 737 αὐτῷ
1041 668 1143 736 προσ-

125 755 205 846 ύπφ
234 755 402 844 σιδηροῦν
429 756 637 841 ἐπικείμενον
674 750 875 841 ἀνδριάντος
907 756 1061 841 λαμπροῦ
1087 755 1144 822 καί

126 867 323 949 στίλβοντος
348 861 484 949 παρέχει
510 858 573 947 τῆν
600 858 696 946 όφιν,
728 861 798 928 ἐπεὶ
825 858 909 947 μηδὲ
937 862 1061 946 κνῆμαι
1088 862 1144 928 καλ

105 969 230 1057 ςμηροὶ
262 966 347 1055 μηδὲ
379 964 478 1053 ἄκροι
508 966 610 1049 πόδες
640 969 699 1053 τῆς
732 970 853 1052 σκευῆς
879 966 1002 1052 ταύτης
1029 972 1145 1053 ἔρημοι

128 1081 307 1143 λείπονται.
357 1075 660 1162 συναρμοζομένων
693 1072 730 1141 δὲ
762 1070 876 1141 αύτῦν
912 1087 983 1152 τοῖς
1014 1072 1144 1158 θύραξι

129 1181 182 1249 διά
208 1206 315 1249 τινων
334 1182 370 1248 ἐκ
388 1186 507 1269 κρίκου
525 1182 648 1248 λεπτοῦ
675 1180 910 1267 πεποιημένων
933 1180 1037 1247 οίονεὶ
1056 1174 1144 1265 ῦφα·

129 1287 262 1375 σμάτων
295 1284 398 1355 οὐδέν
426 1282 470 1354 άν
503 1282 628 1374 ὀφθείη
661 1288 723 1354 τοῦ
751 1286 903 1373 σωματος
929 1283 1062 1373 γυμνὸν
1088 1286 1142 1374 μέ-
1162 1314 1197 1365 33

129 1420 193 1481 ρος,
222 1390 280 1461 άτε
307 1394 364 1461 καὶ
391 1394 460 1460 τῶν
477 1395 598 1482 χειρῦν
624 1407 694 1472 τοῖς
716 1388 891 1479 ὑφάσμασι
919 1392 1053 1473 τούτοις
1072 1413 1143 1461 σκε-

74 1550 82 1599 1
100 1502 285 1587 ιιτομένων
306 1497 391 1588 πρὸς
412 1496 449 1567 τό
468 1500 523 1567 καὶ
543 1499 785 1587 καμπτομένοις
813 1501 1057 1568 ἐπακολουθεῖν
1073 1514 1144 1581 τοῖς

78 1694 83 1699 ¹
128 1606 312 1687 δακτύλοις.
362 1607 466 1674 ταῦτα
498 1600 517 1674 ό
549 1605 648 1691 λόγος
684 1607 893 1694 παραστῆσαι
930 1604 991 1691 μὲν
1028 1609 1145 1692 σαφῶς

77 1712 83 1769 ἲ
127 1714 296 1800 ἐπιθυμεῖ,
323 1708 586 1799 ἀπολειπόμενος
613 1711 651 1780 δὲ
676 1710 802 1792 θεατάς
828 1714 897 1779 τῶν
925 1707 1038 1779 ὅπλων
1064 1709 1145 1792 τοὺς

74 1776 82 1921 β
127 1829 250 1906 μαθεῖν
281 1844 314 1887 τι
349 1819 452 1887 πλέον
487 1820 681 1904 ἐθέλοντας,
714 1815 788 1905 ούχὶ
821 1817 859 1885 δὲ
891 1813 1055 1906 άκροατάς
1086 1820 1145 1905 τῆς

74 1942 78 1993 ’.
125 1921 208 2013 ῦπδρ
236 1922 351 1994 αὐτῶν
380 1924 563 2013 διηγήσεως
590 1920 680 2006 άξιοῖ
705 1926 873 2010 γενέσθαι.

74 2026 114 2107 ἰι
200 2027 315 2119 Ἡμεῖς
347 2030 385 2099 δέ
411 2029 525 2117 ἐπειδὴ
556 2029 617 2100 τὸν
648 2032 782 2120 πρῦτον
814 2029 960 2119 πόλεμον
992 2030 1144 2118 διεληλύ-

123 2148 247 2226 θαμεν,
273 2136 443 2225 ληγούσης
469 2134 535 2225 ῆδη
562 2140 621 2224 τῆς
649 2134 792 2227 όπύρας,
820 2129 874 2225 ἆρ’
904 2139 1054 2205 ἐνταῦθα
1081 2134 1183 2224 τῆνΒ

125 2244 285 2333 διήγησιν
311 2244 414 2313 πάλιν
440 2240 631 2332 άφῆσομενς
663 2240 684 2331 ῆ
713 2244 846 2325 πάντως
876 2241 914 2311 τὸ
942 2245 1035 2324 τέλος
1062 2241 1141 2312 άπο-

124 2355 248 2421 δοῦναι
279 2354 349 2419 τῶν
383 2356 492 2437 ἔργων
523 2353 694 2419 ποθοῦσιν
727 2348 836 2432 άξιον;
870 2350 1008 2437 ἐπέλαβε
1035 2349 1096 2436 μὲν
1124 2345 1142 2419 ό

122 2455 249 2546 χειμὼν
285 2459 342 2526 καὶ
379 2458 522 2545 παρέσχε
559 2461 739 2544 διαφυγεῖν
780 2454 842 2543 τῆν
882 2461 1044 2543 τιμωρίαν
1083 2454 1144 2524 τὸν

84 2563 305 2654 ωτύραννον.
351 2563 546 2652 κηρύγματα
579 2563 616 2632 δὲ
643 2554 687 2652 ῆν
719 2559 851 2650 λαμπρά
882 2562 939 2630 καὶ
971 2564 1144 2649 βασιλικῆς

123 2668 201 2752 άξια
227 2676 487 2759 μεγαλοψυχίας·
516 2667 611 2739 άδεια
639 2669 677 2738 δὲ
699 2672 802 2738 πᾶσιν
830 2671 962 2737 ἐδίδοτο
990 2682 1060 2750 τοῖς
1087 2695 1142 2736 τα-

125 2778 279 2865 ξαμένοις
310 2774 391 2865 μετά
421 2780 483 2845 τοῦ
513 2776 701 2866 τυράννου,
733 2773 821 2863 πλῆν
853 2784 886 2843 εῖ
913 2800 962 2855 τις
995 2772 1143 2844 άνοσίων

125 2886 241 2976 ἐκείνῳ
284 2882 404 2971 φόνων
441 2883 626 2952 ἐκοινύνει·
668 2879 905 2971 άπελάμβανον
941 2879 1000 2962 τάς
1036 2886 1144 2963 οἰκίας

126 2986 270 3072 ἅπαντες
298 2991 354 3059 καί
380 2988 421 3058 τά
448 2988 600 3079 χρήματα
626 2990 682 3058 καὶ
710 2994 872 3078 πατρίδας
900 2992 936 3057 οί
960 2987 1044 3076 μηδὲ
1064 2985 1141 3068 όψε-

92 3103 213 3169 ιισθαί
236 3123 269 3165 τι
300 3099 369 3165 τιῦν
397 3097 565 3184 φιλτάτων
592 3093 707 3176 αὐτοῖς
739 3098 931 3178 ἐλπίζοντες.
976 3090 1181 3181 ῦπεδέχουο

126 3200 162 3271 τὸ
189 3201 354 3273 ναυτικὸν
381 3205 417 3271 ἐκ
443 3205 502 3289 τῆς
526 3200 664 3284 Ἰταλίας
692 3201 971 3291 ἐπανερχόμενον,
998 3198 1143 3281 πολλοὺς

128 3310 256 3379 ἐκεῖθεν
289 3315 427 3390 πολίτας
457 3308 604 3395 κατάγον
636 3308 825 3396 φεύγοντας
857 3305 949 3395 οἶμαι
980 3305 1043 3395 τῆν
1074 3308 1143 3374 των

196 3530 211 3578 1
236 3519 268 3578 έκ
291 3527 353 3578 εδδ
375 3527 444 3581 Rsk.
512 3528 529 3577 2
551 3519 587 3577 τά
608 3523 686 3578 νῶτα
710 3525 752 3593 Μ]
775 3525 853 3578 νῶτα
921 3528 937 3575 3
959 3515 1142 3585 ἐπικείμενον

126 3593 161 3662 Η]
179 3587 366 3661 ἐπικείμενος
422 3596 507 3646 ’ῖεῖθ
525 3588 617 3646 οίονελ
636 3588 678 3645 δι’
696 3586 896 3668 ῦφασμάτωνζῖ
952 3592 985 3641 16
997 3595 1026 3640 et
1039 3593 1071 3642 17
1089 3584 1143 3671 τῆν

128 3655 203 3729 διήγ.
222 3656 312 3714 πάλιν
332 3655 486 3729 άφῆσομεν
503 3660 537 3729 V]
556 3655 645 3714 πάλιν
662 3654 751 3728 άφησ.
771 3654 825 3727 τῆν
844 3658 922 3737 διηγ.
951 3659 1070 3724 Propter
1087 3675 1142 3710 πα-

129 3731 226 3851 Inuus.
245 3732 312 3783 ⁶90
375 3732 483 3802 Ιῆτοῖς
500 3728 646 3782 ποθοῦσιν
663 3730 755 3780 malim
812 3730 845 3779 23
864 3721 1010 3793 απέλαβον
1028 3725 1057 3776 Μ
1108 3730 1141 3780 27

127 3813 162 3849 πο
192 3815 243 3860 τας
260 3816 314 3851 om,
333 3799 364 3849 M
