2416 4290
155 320 197 383 34
453 318 598 369 IULIANI
622 316 871 367 IIII'ERATORIS

155 450 283 535 ἐπεῖχεν
312 444 401 515 ἀπαν
428 444 465 513 τὸ
495 442 616 532 μεταξὺ
639 445 700 512 τοῦ
728 448 857 530 τείχους
883 446 938 511 καί
965 447 1034 512 τῶν
1062 445 1170 533 χωμά-

154 582 230 622 των.
268 555 443 640 ἐτέτραπτο
464 550 500 619 δέ
528 547 548 639 ἡ
576 556 676 638 λίμνη
705 546 787 639 πρὸς
805 549 947 639 λύθρον,
974 553 1031 619 καί
1059 551 1170 643 κύκλφ

153 658 191 729 τὸ
219 674 325 747 τεῖχος
352 658 498 746 ἐπήχουν
532 658 673 745 οίμωγαί
702 655 883 745 βαρβάρων
911 652 1084 727 ὀλλύντων
1110 656 1171 745 μέν

154 764 321 855 οὐδαμῶς,
349 763 589 853 ἀπολλυμένων
618 762 655 831 δὲ
672 761 890 850 πολυτρόπως
907 764 964 831 καὶ
991 784 1170 854 τιτρωσκο-

153 875 264 961 μένων
296 878 461 952 ποικίλοις
492 870 668 960 τραύμασι.
712 874 762 949 τίς
790 864 833 937 ἀν
860 864 959 950 ἀξίως
986 872 1055 938 τεόν
1082 874 1196 958 δρω-ι

154 980 265 1067 μένων
293 984 459 1068 διηγοῖτο,
492 980 559 1066 πύρ
592 975 653 1064 μέν
680 978 786 1043 ἐνίετο
817 989 890 1055 ταῖς
917 972 1071 1064 ἀσπίσιν,
1104 978 1169 1059 ἐξέ-

153 1112 273 1155 πιπτον
301 1085 338 1155 δέ
364 1087 433 1153 τῶν
461 1080 606 1154 ὁπλιτῶν
632 1077 811 1171 ἡμίκαυτοι
843 1088 976 1169 πολλοί,
1008 1080 1105 1153 ἀλλοι
1132 1083 1169 1153 δέ

153 1188 456 1279 ἀποδιδράσκοντες
483 1187 545 1278 την
577 1189 687 1277 φλόγα
718 1186 780 1256 τὸν
807 1189 938 1257 ἐκτῶν
969 1193 1080 1277 βελῶν
1108 1186 1170 1261 ούκ

98 1318 133 1367 28
153 1294 347 1385 ἀπέφευγον
379 1302 555 1366 κίνδυνον·
589 1292 660 1364 ἀλλ’
692 1298 727 1363 οί
751 1294 813 1382 μέν
845 1300 893 1363 ἔτι
921 1295 1102 1383 νηχόμενοι
1128 1294 1169 1366 τίι

152 1407 242 1472 νύτα
274 1406 460 1494 τρωθέντες
492 1406 525 1484 ἐς
552 1400 666 1490 βυθὸν
697 1401 916 1487 κατεδύοντο,
949 1406 986 1471 οί
1011 1401 1050 1472 δὲ
1077 1406 1166 1485 ἐξαλ
1181 1432 1201 1471 11

152 1509 286 1598 λόμενοι
326 1513 395 1579 τεόν
436 1507 681 1599 μηχανημάτων
722 1510 802 1597 πρὶν
843 1504 967 1590 ύδατος
1013 1506 1169 1591 ἅψασθαι

151 1619 333 1704 βληθέντες
356 1613 398 1686 ού
418 1623 597 1706 σωτηρίαν,
625 1613 835 1704 κουφότερον
864 1614 901 1683 δὲ
928 1612 1076 1705 ηύρουτο
1104 1616 1169 1687 θύ-

151 1749 263 1791 νατον.
308 1722 388 1804 τούς
415 1722 452 1793 δέ
481 1720 561 1791 ούδέ
593 1735 666 1790 νεῖν
699 1720 828 1801 είδότας
856 1718 1073 1812 ἀκλεέστερον
1099 1726 1169 1792 τοῖν

151 1829 302 1918 πρόσθεν
330 1827 580 1917 ἀπολλυμένους
601 1833 651 1909 τίς
679 1824 722 1896 ἀν
745 1823 915 1908 ἀξιώσειεν
943 1824 1095 1919 ἀριθμοῦ
1112 1830 1169 1899 καὶ

151 1936 296 2023 μνημης;
325 1938 484 2016 ἐπιλείψει
503 1963 553 2022 με,
580 1930 662 2004 καθ’
693 1936 833 2003 ἕκαστον
851 1940 883 2003 εί
908 1938 1011 2004 πᾶσιν
1039 1938 1166 2019 ἐπεξελ-
1181 1962 1207 2005 ιι

151 2050 229 2109 θεῖν
258 2047 455 2129 βουλοίμην,
484 2037 502 2109 ό
530 2043 664 2130 χρόνος·
692 2037 729 2109 τὸ
752 2040 936 2129 κεφύλαιον
964 2040 1001 2110 δέ
1029 2038 1169 2113 ἀκούειν

110 2143 290 2236 Βάπόχρη.
334 2148 461 2236 ταύτην
492 2144 586 2236 ἥλιος
618 2149 725 2216 ἐπεῖδε
756 2146 819 2234 τὴν
850 2147 959 2237 μάχην
991 2144 1168 2234 ἄγνωστον

151 2250 344 2343 ἀνθρώποις
376 2252 436 2323 τὸν
468 2260 660 2343 ἔμπροσθεν
698 2254 835 2343 χρόνον·
874 2256 979 2323 ταῦτα
1010 2252 1074 2343 τὴν
1105 2281 1167 2324 ποι-

150 2358 248 2429 λαιάν
285 2357 482 2444 ἀλαζονείαν
519 2358 633 2449 ἤλεγξε
668 2363 736 2428 τῶν
768 2360 900 2449 Μήδων
936 2360 1047 2448 τύφου
1085 2359 1167 2431 ὄντα

149 2467 262 2535 κενόν·
295 2470 399 2536 ταῦτα
431 2469 489 2555 της
517 2468 643 2557 Ξέρξου
675 2470 887 2555 παρασκευῆς
919 2463 1203 2556 ἀπιστουμένηςεο

149 2573 230 2652 τέως
259 2571 295 2640 τὸ
328 2575 485 2660 μέγεθος,
517 2579 549 2641 εί
577 2572 723 2659 τοσαύτη
756 2574 919 2662 γενομένη
945 2576 1039 2655 τέλος
1070 2580 1167 2662 ἐσχεν

150 2676 291 2766 αίσχρὸν
317 2681 373 2747 καί
401 2681 641 2765 ἐπονείδιστον,
669 2681 907 2770 ἐναργέστερον
925 2683 993 2748 τῶν
1021 2680 1165 2750 δοκούν-

149 2807 217 2851 των
245 2782 332 2852 είναι
364 2791 544 2874 γνωρίμων
576 2781 657 2874 ἡμῖν
688 2788 896 2875 κατέστησεν.
943 2782 961 2855 ὃ
989 2786 1052 2875 μὲν
1080 2790 1164 2857 ἐπει-

150 2891 229 2976 ράτο
258 2898 353 2959 πλεῖν
379 2892 436 2959 καὶ
463 2892 610 2975 πεζεύειν
638 2889 839 2962 ἀπεναντίον
865 2896 905 2982 τῇ
934 2893 1034 2980 φύσει
1061 2893 1165 2983 μαχό-

108 3008 248 3083 Ομενος
275 2998 342 3084 καὶ,
371 2995 482 3088 ὥσπερ
510 2991 573 3067 οὖν
591 2995 684 3091 η’ίετο,
712 3003 843 3090 κρατῶν
866 2997 1006 3088 ἠπείρου
1029 3000 1201 3088 φύσεωςιι

216 3142 405 3214 δέτέτραπτο
424 3148 462 3215 Η]
482 3148 621 3219 τέτραπτο
673 3145 866 3218 Βκεριήχουν
885 3154 910 3202 Η
962 3145 1123 3219 δτροόμασι
1139 3152 1165 3203 V

147 3219 162 3267 6
186 3215 317 3285 διηγοῖτο
339 3216 409 3283 VM]
434 3217 564 3285 διηγεῖτο
591 3220 596 3277 Ι
622 3211 713 3272 ἐνίετο
735 3222 804 3271 Ητλτ.
829 3226 857 3270 et
878 3216 977 3300 Wytt3]
1008 3218 1069 3271 ἵετο
1092 3216 1165 3283 (ίετο

146 3284 218 3350 VM)
287 3277 482 3352 ’λὴμίκαυτοι
505 3284 539 3352 V]
565 3279 720 3367 ἡμίκαυτμι
743 3280 844 3339 λοιπόν
896 3290 928 3369 τθ
949 3279 1017 3367 αλλ’1
1040 3282 1072 3339 οί
1091 3284 1163 3369 VII]

146 3343 228 3404 ἄλλοι
299 3356 330 3404 10
353 3344 382 3412 ἐς
405 3351 476 3421 VM]
502 3350 543 3414 είς
615 3358 645 3405 12
667 3371 791 3422 ηυροντο
813 3351 853 3423 Η]
877 3370 964 3420 ευρον
986 3371 1037 3406 τον
1055 3355 1094 3419 V,
1117 3371 1163 3409 ευ-

164 3436 232 3470 αντο
250 3437 268 3471 v
339 3423 370 3473 13
394 3414 463 3472 ούδέ
488 3426 552 3473 νεῖν
576 3417 690 3482 εἰδότας
708 3421 747 3488 Η]
772 3415 861 3475 ούδέν
884 3414 999 3483 εἰδότας
1016 3439 1048 3483 v,
1073 3414 1164 3477 ούδέν

146 3436 264 3546 ἐδόντας
287 3490 315 3538 Μ
390 3491 528 3540 15et16
552 3481 725 3554 ἐπεξελθεῖν
748 3488 786 3557 H]
813 3482 953 3543 ἐπελθεῖν
1024 3493 1057 3542 λθ
1080 3488 1163 3544 κατί-

147 3567 252 3619 στησεν
276 3554 396 3623 Βοιωτοί]
419 3552 598 3624 κατέστησαν
666 3560 700 3608 24
726 3549 903 3610 ἀπεναντίον
924 3557 959 3640 λζ]
982 3548 1163 3637 ι’χπεναντίεις

146 3623 179 3671 24
196 3626 223 3670 οῖ
240 3624 274 3673 2⁶
291 3616 455 3689 μαχόμενος
471 3624 532 3675 εδδ.
551 3624 611 3676 VM
672 3627 706 3677 25
724 3624 783 3689 καί,
802 3616 896 3692 όόσκερ
915 3643 969 3679 ουν
986 3640 1058 3692 ῳετο
1085 3628 1162 3679 Peri·

146 3690 244 3739 zonius
264 3689 298 3739 αδ
316 3691 427 3741 Aeliani
444 3694 476 3743 V.
497 3692 531 3741 Η.
549 3693 587 3756 Π,
607 3687 652 3759 14]
673 3680 767 3757 ὥσπερ
785 3680 835 3746 ούν
854 3685 939 3763 ςόετο,
958 3690 1008 3745 καλ
