2416 4290
105 438 146 502 64
403 438 545 489 IULIANI
568 437 817 489 IMPERATORIS

104 564 149 656 μά
178 571 247 633 Δία
278 565 424 645 πέπλους
455 570 712 654 παμποικίλους,
745 567 918 651 γυναικῶν
950 569 1033 654 ἔργα
1061 571 1123 632 Σι-

105 678 255 759 δωνίων,
289 667 369 739 οὐδὲ
397 675 508 740 ίππωυ
536 677 691 739 Νισαίων
717 671 821 759 τιάλλη
854 671 911 739 καί
938 678 1124 760 χρυσοκολ-

52 798 85 849 51
104 779 215 867 λήτων
242 774 399 867 ἁρμάτων
426 775 682 867 ἀστράπτουσαν
705 786 836 866 αίγλην,
865 773 947 846 οὐδὲ
973 773 1037 865 τήν
1062 772 1123 845 Ἰν-

106 888 177 955 δῶν
204 890 305 954 λίθον
333 880 464 972 εὐανθῆ
496 885 552 952 καλ
578 889 768 973 χαρίεσσαν.
814 889 924 953 καίτοι
951 909 989 970 γε
1016 892 1052 953 εί
1074 908 1125 965 τις

105 993 217 1060 ἐθέλοι
248 990 379 1071 τούτοις
410 989 471 1059 τὸν
502 993 588 1059 νοῦν
625 992 799 1080 προσέχων
831 992 973 1059 ἕκαστον
1005 985 1151 1071 ἀξιοῦνῠ

104 1098 223 1184 λόγου,
264 1099 387 1186 μικροῦ
422 1100 534 1165 πᾶσαν
575 1095 667 1184 οἶμαι
703 1095 765 1185 τήν
797 1092 944 1186 Ὀμήρου
985 1101 1125 1185 ποίησιν

105 1201 327 1291 ἀποχετεύσας
354 1207 402 1271 ἔτι
429 1202 580 1291 δεήσεται
608 1203 734 1291 λόγων,
766 1204 822 1272 ιιαλ
850 1200 913 1272 οὐκ
940 1199 1125 1293 ἀποχρήσει

106 1311 160 1379 σοί
192 1309 284 1402 μόνῳ
317 1306 358 1377 τά
390 1308 536 1396 ξύμπασι
567 1312 752 1398 ποιηθέντα
783 1323 853 1391 τοῖς
884 1304 1040 1399 ἡμιθέοις
1071 1311 1124 1395 έγ-

104 1416 221 1504 αῶμια.
266 1413 444 1504 ἀρξώμεθα
484 1415 521 1485 δὲ
557 1412 623 1485 ἀπὸ
663 1419 725 1485 τοῦ
766 1415 936 1506 σκήπτρου
977 1418 1123 1506 πρῶτον,

106 1527 138 1590 εί
163 1521 289 1610 βούλει,
316 1522 373 1603 τιαλ
391 1525 449 1610 τής
467 1529 637 1610 βασιλείας
663 1519 774 1611 αύτής.
811 1528 847 1591 τί
861 1519 926 1612 γάρ
954 1520 998 1610 δή
1017 1541 1160 1611 φησινιο

65 1624 125 1697 Βὸ
153 1626 292 1717 ποιητής
323 1631 473 1698 ἐπαινεῖν
500 1631 630 1698 ἐθέλων
661 1633 719 1718 τής
750 1631 819 1698 τῶν
845 1631 1048 1699 Πελοπιδῶν
1075 1632 1123 1698 οί-

105 1740 178 1816 κίας
208 1733 271 1824 τήν
299 1730 501 1824 ἀρχαιότητα
528 1736 585 1804 καὶ
617 1733 654 1804 τὸ
682 1736 825 1824 μέγεθος
851 1738 910 1824 τῆς
941 1730 1123 1824 ἡγεμονίας

106 1843 333 1924 ίνδείξασθαι;

315 1961 393 2033 Ἀνά
421 1964 459 2034 δὲ
485 1971 607 2055 κρείων
631 1962 845 2055 Ἀγαμέμνων

177 2085 277 2176 Ἕστη
311 2091 481 2178 σκήπτρου
518 2096 618 2177 ἔχων,
655 2087 692 2159 τὸ
726 2089 788 2178 μέν
817 2087 1003 2179 Ἥφαιστος
1030 2058 1156 2179 αάμεθ

105 2195 243 2282 τεύχων,
271 2195 327 2263 καὶ
355 2198 458 2264 ἔδωκε
477 2202 548 2283 Διί,
577 2190 594 2265 ὁ
625 2195 661 2265 δέ
680 2198 726 2288 τῷ
753 2200 811 2286 τής
829 2203 944 2279 Μαίας
970 2197 1027 2266 καί
1047 2198 1121 2267 έαυ-

105 2303 167 2369 τοῦ
194 2305 304 2389 παιδί,
328 2295 478 2390 Ἑρμείας
506 2301 543 2370 δέ
571 2299 654 2384 ἀυαξ
683 2305 769 2372 δῶκε
797 2305 826 2391 [,
856 2300 873 2373 ὁ
902 2303 954 2392 δὲ]
983 2304 1121 2391 Πέλοπι,

105 2409 220 2489 Πέλοψ
248 2406 285 2477 δὲ

319 2510 401 2583 δῶκ’
428 2512 532 2605 ’Λτρέι
558 2515 691 2604 ποιμένι
719 2519 818 2585 λαῶν.

184 2617 314 2708 Ἀτρεὺς
342 2620 380 2688 δὲ
407 2621 568 2710 θνήσκων
596 2625 685 2689 ἔλιπε
712 2622 876 2712 πολύαρνι
906 2624 1050 2712 Θυέστη·
1135 2640 1160 2683 ¹⁰

66 2738 88 2794 Ο
186 2723 303 2814 Αύτάρ
337 2723 388 2813 ὅγ’
424 2719 503 2796 αὖτε
537 2723 658 2795 Θυέστ’
691 2723 911 2817 Ἀγαμέμνονι
943 2732 1031 2799 δῶκε
1059 2756 1123 2818 φο-

959 2839 1075 2924 θῆναιτ

185 2941 357 3028 Πολλήσιν
384 2937 517 3028 νήσοισι
544 2940 600 3007 καὶ
619 2937 734 3030 ’Ἀργεί
758 2942 858 3010 παντί
885 2937 1055 3011 ἀνάσσειν.

107 3058 189 3149 αύτη
223 3082 276 3130 σοι
312 3065 370 3151 τής
402 3066 600 3133 Πελοπιδῶν
637 3069 744 3147 οίιιίας
775 3060 796 3152 ή
830 3070 1042 3155 γενεαλογία,
1076 3072 1125 3149 είς

105 3182 192 3258 τρεῖς
219 3164 300 3237 οὐδὲ
329 3165 408 3250 ὅλας
425 3175 566 3259 μείνασα
594 3170 722 3259 γενεάς·
749 3171 789 3239 τά
808 3198 845 3258 γε
872 3167 940 3261 μήν
967 3174 1027 3259 τής
1044 3162 1123 3263 ἡμε-
1138 3190 1165 3233 2⁸

173 3339 188 3386 2
212 3333 308 3388 ἵππων
326 3333 395 3403 VM]
419 3335 476 3388 τῶν
495 3334 591 3388 ίππων
617 3335 622 3400 Ι
648 3336 786 3391 νισσαίων
804 3338 829 3386 V
896 3342 914 3390 4
937 3338 1026 3391 λίθον
1049 3337 1122 3407 VII]

106 3400 199 3483 λίθων
256 3395 392 3483 maga
410 3401 458 3468 Vl
483 3394 615 3487 ἀξιῶν]
671 3405 872 3483 δομιιιρούᾸῙ
924 3409 939 3458 7
962 3398 1124 3489 ἀποχρήσοι

25 3578 55 3617 χ
104 3470 473 3617 λάῗῆέηιμῗηλλλάαά]
490 3472 673 3605 IIIIIIS?
723 3476 758 3591 ιλ
777 3470 1124 3611 III'IIPI’IIII‘IZ

54 3622 68 3651 ·-.
105 3608 153 3657 101
177 3608 295 3673 legitur,
320 3623 358 3657 αν
380 3624 398 3659 v
473 3608 504 3657 16
522 3609 597 3659 0t17
621 3606 672 3659 καί
694 3599 801 3662 ἑαυτοῦ
818 3636 851 3645 -
868 3598 942 3674 ἅναξ
968 3608 1045 3665 δῶκε
1069 3627 1122 3663 om.

104 3675 222 3725 cantocl.
245 3682 272 3725 et
293 3675 319 3726 fl.
395 3676 426 3725 1⁷
449 3672 524 3726 δῶκε
541 3703 575 3712 -
594 3670 696 3740 Πέλοψ
720 3671 753 3728 δὲ
776 3693 828 3729 om.
852 3677 925 3743 VM,
954 3670 970 3729 δ
998 3673 1033 3731 δλ
1060 3694 1123 3732 cum

104 3741 217 3792 Reiskio
239 3742 341 3793 inclusi
409 3744 441 3793 21
465 3733 538 3810 ὅγ’]
562 3733 677 3801 δΗοω,
703 3744 708 3808 Ι
731 3742 817 3812 δῶκε]
838 3746 921 3799 λεῖπε
938 3746 1019 3798 Hom.
1088 3747 1122 3798 28

102 3807 224 3874 πολλῇσι
242 3810 301 3859 VM
370 3811 404 3860 24
421 3807 475 3877 σοι]
494 3826 538 3862 τοι
556 3812 584 3862 H
