2416 4290
169 414 211 477 66
471 412 614 463 IULIANI
636 408 883 462 IMPERATORIS

169 539 230 609 τὸν
258 542 404 608 πλούτου
431 539 487 606 καὶ
514 537 731 623 θαυμαστέον
759 556 822 604 σου
850 534 912 624 τὴν
939 535 1093 625 χλαμύδα
1121 533 1183 617 ξύν

169 649 210 735 τῇ
241 646 368 735 πόρπη,
409 640 430 712 ά
463 641 504 732 δὴ
545 643 601 711 καὶ
629 638 760 732 Ὁμηρφ
803 640 979 731 διατριβὴν
1019 642 1184 733 παρέσχεν

170 748 302 841 ἡδεῖαν;
331 751 433 835 λόγου
452 777 485 818 τε
505 746 662 829 ἀξιωτέον
689 750 815 816 πολλοῦ
837 746 897 829 τάς
918 747 1031 838 Τρωός
1049 752 1184 837 ἵππους,

171 865 209 926 αἳ
233 864 408 948 τρισχίλιαι
436 847 535 925 οὖσαι

132 1000 152 1056 c
252 984 325 1063 ἕλος
352 980 435 1049 κάτα
462 978 695 1067 βουκολέοντο,

170 1107 226 1174 καὶ
253 1102 293 1174 τά
321 1103 432 1193 φύρια
459 1100 499 1171 τά
527 1104 700 1183 έντεύθενς
727 1096 847 1189 ἢτούς
867 1106 1035 1191 Θρηικίους
1062 1105 1186 1184 ἵππους

171 1209 426 1300 εύλαβησόμεθα
459 1209 675 1296 λευκοτέρους
706 1206 767 1294 μὲν
798 1208 856 1294 τῆς
882 1206 1009 1293 χιόνος,
1041 1219 1121 1277 θεῖν
1147 1206 1185 1278 δδ

172 1316 360 1406 ὠκυτέρους
387 1318 455 1383 τῶν
482 1318 657 1402 χειμερίου
684 1312 893 1399 πνευμάτων,
920 1315 976 1381 καλ
998 1313 1040 1381 τὰ
1058 1316 1097 1383 ἐν
1123 1310 1184 1383 αύ-

170 1439 240 1504 τοῖς
277 1420 421 1511 ἅρματος
461 1420 518 1488 καὶ
554 1420 672 1506 ἔχομέν
709 1440 745 1487 σε
782 1420 819 1487 έν
855 1418 988 1500 τούτοις
1025 1423 1184 1507 ἐπαινεῖν,

172 1535 284 1599 οἰκίαν
315 1553 349 1596 τε
383 1523 474 1613 οἶμαι
505 1523 568 1612 την
598 1522 751 1593 Ἀλκίνου
783 1526 839 1592 καὶ
865 1522 906 1593 τά
937 1529 999 1594 τού
1027 1528 1204 1595 Μενέλεω

172 1635 309 1724 δόματα
349 1631 622 1719 καταπληξάμενα
663 1632 718 1698 καὶ
763 1628 823 1699 τὸν
863 1634 925 1699 τού
969 1632 1185 1724 πολύφρονος

169 1739 355 1821 Ὀδυσσέως
389 1743 494 1807 παῖδα
530 1738 586 1804 καὶ
622 1740 761 1805 τοιαῦτα
801 1744 916 1826 ληρεῖν
958 1734 1184 1808 ἀναπείσαντα

127 1863 240 1928 Ιιτοῖς
268 1861 340 1926 σοῖς
367 1850 573 1933 παραβαλεῖν
600 1839 797 1931 ἀξιώσομεν,
825 1842 870 1930 μή
888 1868 967 1911 ποτε
994 1840 1062 1934 άρα
1091 1850 1183 1913 ἔλασ-

172 1975 234 2021 σον
262 1958 350 2039 ἔχειν
370 1954 406 2018 ἐν
428 1949 560 2029 τούτοις
587 1952 698 2038 δοκῇς,
726 1950 781 2017 καὶ
810 1945 872 2017 ούκ
899 1945 1107 2039 ἀπωσόμεθα
1123 1947 1184 2037 τὴν

173 2063 357 2147 φλυαρίαν,
394 2052 465 2124 ἀλλ’
502 2052 564 2143 ὅρα
600 2055 645 2142 μή
681 2083 732 2135 τις
762 2050 848 2143 ἡμᾶς
883 2063 1099 2145 μικρολογίας
1129 2055 1203 2125 καὶ

173 2161 320 2251 ἀμαθίας
351 2165 419 2230 τῶν
446 2158 582 2247 άληθῶς
607 2164 720 2229 καλύν
753 2160 966 2250 γραψάμενος
993 2164 1060 2250 έλη.
1107 2157 1183 2231 ούιι-

173 2273 236 2338 ούν
268 2266 414 2356 ἀφέντας
441 2264 503 2356 χρὴ
531 2280 601 2347 τοῖς
624 2262 819 2356 Ὁμηρίδαις
845 2264 885 2335 τά
913 2270 1052 2336 τοιαῦτα
1080 2275 1183 2338 πολυ-

171 2389 377 2466 πραγμονεῖν
410 2374 462 2441 ἐπὶ
498 2370 538 2440 τά
575 2372 705 2441 τούτων
736 2374 902 2461 ἐγγυτέρω
935 2371 1019 2462 πρὸς
1052 2370 1185 2465 ἀρετήν,

172 2483 228 2550 καὶ
261 2472 309 2550 ύν
340 2487 472 2567 μείζονα
505 2493 596 2547 ποιεῖ
624 2479 851 2568 προμήθειαν,
890 2479 1040 2567 σώματος
1073 2478 1186 2567 ῥύμης

52 2672 56 2677 Ι
171 2590 227 2657 καί
254 2590 311 2675 τῆς
339 2589 375 2655 ἐν
402 2600 472 2666 τοῖς
499 2582 613 2664 ὅπλοις
637 2587 815 2673 ἐμπειρίας,
842 2585 1063 2675 θαρρούντως
1090 2587 1186 2655 ίένιιι.

172 2699 238 2762 τίνι
266 2693 388 2779 δήποτε
415 2683 479 2759 οὖν
504 2692 574 2757 τῶν
600 2685 666 2757 ύπό
686 2693 743 2778 τῆς
759 2686 936 2780 Ὁμηρικῆς
962 2686 1187 2779 ύμνουμένων

120 2824 153 2873 53
174 2801 328 2886 σειρῆνος
355 2798 498 2884 εῖξομενς
531 2801 600 2863 έστι
627 2795 689 2882 μὲν
720 2795 784 2886 γάρ
817 2797 953 2885 τοξότης
984 2793 1063 2886 παρ’
1094 2794 1186 2889 αύτῷ

172 2903 362 2992 Πάνδαρος,
390 2898 476 2990 ἀνὴρ
504 2899 640 2982 άπιστος
666 2902 722 2970 καὶ
749 2904 928 2992 χρημάτων
954 2900 1074 2990 ἥττων,
1104 2900 1188 2973 ἀλλά

172 3011 229 3078 καί
256 3006 403 3095 ἀσθενὴς
429 3005 492 3095 τὴν
518 3021 612 3097 χεῖρα
629 3008 685 3076 καὶ
714 3003 850 3097 ὁπλίτης
878 3012 1017 3096 φαῦλος,
1040 3008 1188 3099 Τεῦκρός

172 3141 207 3184 τε
235 3111 285 3183 ἐπ’
316 3111 406 3205 αύτῷ
433 3115 489 3182 καλ
508 3112 693 3202 Μηριόνης,
722 3109 821 3202 ὁμὲν
849 3116 902 3183 ἐπὶ
929 3118 987 3202 τῆς
1013 3114 1189 3197 πελειάδος

242 3363 328 3434 ἱξύν
347 3366 417 3436 VM]
437 3362 490 3421 σύν
560 3366 735 3435 ἳπαρέσχεν
753 3368 787 3437 V]
806 3366 950 3436 παρέσχον
1010 3365 1079 3422 4αἳ
1096 3368 1134 3436 V]
1154 3364 1189 3423 αί

172 3440 188 3489 ό
206 3431 281 3489 κάτα
300 3432 489 3504 βουκολέοντο
501 3437 525 3488 V
539 3442 567 3486 et
577 3437 658 3487 Iliad.
671 3455 698 3499 υ,
710 3435 771 3503 221]
789 3433 863 3488 κατά
882 3434 1072 3504 βουκολέοντο
1090 3436 1188 3503 (κατα

172 3503 359 3573 βουκολέοντο
377 3503 416 3571 Μ)
472 3505 488 3554 6
507 3496 603 3569 φύρια
619 3502 654 3571 V]
674 3497 763 3570 φόρια
784 3504 788 3568 Ι
808 3505 950 3571 θρακίους
969 3502 1005 3573 V]
1024 3504 1187 3572 Θρᾳκείοιις

171 3575 188 3625 8
206 3567 247 3639 έν]
267 3565 314 3623 ἐπ’
333 3575 392 3623 Pet.
460 3573 476 3622 9
498 3567 611 3639 ἔχομεν]
635 3564 689 3637 ούχ
707 3568 722 3623 ό
741 3569 794 3638 μέν
812 3574 849 3637 V,
874 3565 927 3624 ούκ
950 3564 1070 3638 ἔύμενοι
1092 3572 1187 3623 Bruuo

171 3640 332 3690 Friederich
403 3641 433 3689 10
451 3629 572 3690 ἀλκίνου
591 3636 627 3707 V]
646 3628 794 3692 Ἀλκινόου
864 3642 893 3690 11
913 3633 965 3691 τόν
987 3657 1039 3695 om.
1058 3640 1084 3691 V
1153 3640 1186 3691 12

173 3700 382 3772 ἀναπείσαντα]
400 3704 623 3771 παρατείνοντα
637 3711 663 3759 Μ
681 3714 754 3759 eant.
769 3712 825 3773 pet.
880 3710 911 3759 15
928 3695 989 3772 ύρα
999 3704 1036 3774 V]
1053 3698 1149 3775 Ιύμᾶς
1159 3704 1185 3757 V

140 3752 213 3871 {3³22
223 3771 361 3833 πελιάδος
382 3776 404 3825 V
