2416 4290
112 435 154 499 48
416 435 560 487 ιοιιεηι
582 433 828 488 ιωεεεεωοοιε

112 563 290 652 τυράννων
323 559 483 651 ῶμότητα.
528 562 598 631 ἐπεὶ
626 557 711 631 δὲ
696 591 714 632 ο
742 560 858 653 καιρὸς
889 560 998 631 ἐκάλει
1030 581 1130 652 στρα-

112 670 286 757 τεύεσθαι,
318 669 420 739 πάλιν
452 668 655 798 ἐφειστήκεις
687 667 799 751 δεινὸς
825 671 871 762 τῷ
898 667 1064 760 τυράννφ.
1109 662 1128 739 δ

67 826 74 841 .
114 776 414 866 δὲπρουβάλλετο
451 774 510 858 τὰς
543 773 678 845 Ἰταλῶν
720 780 922 865 δυσχωρίας,
963 776 1021 845 καὶ
1060 788 1130 857 τοῖς

114 880 207 973 ὄρεσι
238 898 309 965 τοῖς
345 886 415 952 ἐκεῖ
447 881 601 973 καθάπερ
637 889 762 972 θηρίον
800 880 1036 971 ἐναποκρύφας
1071 878 1130 963 τάς

115 989 273 1078 δυνάμεις
305 987 407 1070 αὐτὸς
438 985 518 1058 οὐδὲ
554 985 738 1079 ὑπαίθριος
775 989 894 1077 ἐτόλμα
927 987 1154 1079 στρατεύεται

68 1108 95 1163 1)
115 1092 295 1185 ἀναλαβῶν
322 1097 359 1165 δὲ
378 1091 486 1165 αύτδν
503 1100 552 1176 είς
577 1094 639 1184 τὴν
657 1101 801 1183 πλησίον
818 1095 917 1165 πόλιν
943 1098 1130 1185 τρυφῶσαν

114 1204 171 1272 καὶ
197 1206 373 1290 πολυτελῆ,
401 1205 438 1271 ἐν
456 1202 665 1292 πανηγύρεσι
691 1204 748 1271 καὶ
770 1216 915 1292 τρυφαῖς
942 1207 1051 1291 ἔτριβε
1069 1200 1130 1273 τὸν

114 1309 248 1397 χρόνον,
277 1306 429 1398 ἀρκέσειν
448 1308 510 1397 μὲν
536 1305 628 1401 αύτῷ
646 1307 729 1398 πρὸς
756 1314 925 1398 σωτηρίαν
951 1310 1021 1377 τῶν
1038 1304 1130 1398 ὀρῶν

114 1413 176 1504 τὴν
214 1420 406 1505 δυσχωρίαν
442 1415 549 1503 μόνον
585 1415 746 1504 οἰόμενος.
795 1411 979 1495 ἀκόλαστος
1011 1413 1050 1483 δὲ
1081 1409 1130 1483 ῶν

115 1522 217 1610 φύσει
244 1527 433 1611 κερδαίνειν
461 1518 541 1614 ῶετο
561 1520 598 1591 τὸ
617 1528 810 1612 χαρίζεσθαι
836 1535 909 1603 ταῖς
936 1523 1168 1609 ἐπιθυμίαιςω

115 1631 152 1697 ἐν
178 1626 351 1711 τοσούτοις
378 1644 508 1714 κακοῖς,
541 1628 642 1715 δῆλός
668 1656 704 1698 τε
731 1619 774 1715 ἦν
801 1633 878 1697 λίαν
905 1624 1130 1709 πεπιστευκῶς

114 1732 273 1823 ἀσφαλῶς
301 1733 391 1828 αύτῷ
418 1733 459 1804 τά
486 1734 636 1822 παρόντα
664 1741 751 1823 ἔχειν
779 1730 1067 1823 ἀποτειχιζομένης
1093 1736 1131 1803 ἐν

59 1862 95 1911 39
114 1841 225 1933 κύκλῳ
252 1844 311 1929 τῆς
335 1839 474 1922 Ἰταλίας
500 1856 570 1924 τοῖς
588 1838 691 1931 ὄρεσι,
718 1839 807 1930 πλὴν
825 1838 908 1910 ὅσον
927 1842 960 1923 ἐξ
978 1836 1131 1929 ἡμισείας

113 1943 134 2035 ἡ
175 1948 330 2016 θάλασσα
370 1948 561 2037 τεναγῶδης
602 1939 689 2017 οὖσα
729 1948 785 2017 καὶ
825 1962 895 2029 τοῖς
931 1952 1130 2035 Αάγνπτίων

114 2056 224 2122 ἕλεσιν
256 2052 401 2144 ἐμφερὴς
432 2052 559 2143 ἀβατον
586 2056 643 2124 καὶ
673 2061 771 2144 νηίτη
800 2056 928 2146 στρατῷ
960 2060 1164 2143 πολεμίωνιι

114 2156 250 2250 ἀνδρῶν
286 2167 495 2248 καθίστησιν.
541 2157 612 2231 ἀλλ’
648 2166 756 2230 ἔοικεν
792 2157 872 2229 οὐδὲ
904 2164 943 2228 ἓν
974 2156 995 2249 ἡ
1028 2160 1131 2249 φύσις

113 2264 199 2356 πρὸς
217 2263 342 2356 ἀνδρὸς
364 2263 485 2357 ἀρετὴν
507 2270 563 2337 καὶ
582 2267 810 2358 σωφροσύνην
837 2281 908 2348 τοῖς
935 2262 1131 2350 ἀκολάστοις

113 2373 170 2442 καὶ
203 2378 325 2455 δειλοῖς
357 2380 463 2464 ἔρυμα
494 2373 767 2463 μηχανήσασθαι,
799 2372 908 2442 πάντα
939 2368 1130 2463 ὑποχωρεῖν

114 2479 280 2569 φρονήσει
320 2479 402 2568 μετὰ
444 2478 601 2571 ἀνδρείας
642 2480 781 2569 ἐπιούσῃ
817 2479 1128 2570 παρασκευάζουσα·

113 2586 215 2655 πάλαι
241 2614 276 2655 τε
304 2582 385 2675 ἡμῖν
412 2589 529 2677 ἐξηύρε
556 2584 615 2669 τάς
642 2588 774 2675 τέχνας,
803 2583 849 2655 δι’
879 2576 929 2655 ῶν
955 2591 1004 2668 είς
1031 2582 1164 2657 εύπο·ιι

74 2698 194 2781 Βρίαν
224 2696 293 2761 τῶν
329 2695 410 2776 τίως
447 2694 618 2776 δοξάντων
650 2690 787 2783 ἀπόρων
824 2695 1042 2781 κατέστημεν,
1073 2692 1130 2763 καὶ

115 2799 168 2867 ἐπὶ
200 2801 268 2867 τῶν
300 2796 379 2867 καθ’
414 2802 554 2870 ἕκαστον
586 2806 695 2890 ἔργων
726 2799 764 2869 τὸ
791 2808 927 2882 πολλοῖς
958 2795 1130 2869 ἀδύνατον

114 2903 201 2973 εἶναι
228 2903 436 2993 φαινόμενον
463 2906 718 2995 ἐπιτελούμενον
740 2905 824 2996 πρὸς
846 2903 972 2996 ἀνδρὸς
994 2905 1129 2994 σῶφρο-

113 3038 181 3091 νος.
228 3008 245 3080 δ
275 3010 317 3099 δὴ
345 3014 401 3080 καὶ
427 3012 501 3082 τότε
527 3029 598 3096 τοῖς
625 3020 750 3103 ἔργοις,
783 3004 809 3082 ῶ
837 3015 992 3102 βασιλεῦ,
1021 3013 1132 3095 δείξας

114 3116 250 3200 είκότως
277 3114 320 3187 ἀν
347 3116 524 3207 ἀποδίχοιο
543 3118 623 3202 τούς
650 3117 701 3188 ἐπ’
732 3117 822 3212 αὐτῷ
845 3118 976 3205 λόγους.
1013 3116 1168 3209 ἐστρά-ιι

112 3250 205 3305 τευες
232 3225 293 3312 μὲν
320 3223 385 3315 γὰρ
418 3222 520 3307 αὐτὸς
546 3222 744 3316 ὑπαίθριος,
771 3226 827 3295 καὶ
854 3228 959 3295 ταῦτα
985 3231 1132 3314 πλησίον

180 3458 312 3526 2δεινδς
329 3461 363 3530 V]
384 3463 486 3526 δεινῶς
503 3482 535 3532 v,
555 3458 659 3526 δεινῶς
678 3465 741 3532 (sic)
760 3468 788 3518 M
856 3454 985 3517 6αάτδν
1002 3466 1065 3516 VM
1114 3466 1131 3517 8

114 3526 190 3584 αὐτῶ
209 3532 268 3583 VM
338 3534 368 3582 ll
387 3532 456 3585 λίαν
472 3547 586 3587 πεπιστ
603 3530 638 3599 V]
657 3547 770 3586 πεπιστ.
787 3533 853 3586 λίαν
922 3536 955 3585 13
971 3526 1070 3594 τοῖς’
1051 3546 1131 3613 ορεσι

113 3590 185 3664 V]
169 3592 226 3651 υπδ
246 3604 308 3660 τοις
326 3591 405 3682 ὅρερι
475 3603 507 3652 18
530 3596 626 3652 πάντα
644 3596 722 3653 MV
790 3604 823 3653 20
845 3594 933 3682 ἒξηύρ
935 3616 948 3651 ε
970 3598 1007 3668 Η]
1031 3594 1130 3667 ἐξεῦρε

116 3668 147 3717 21
167 3659 351 3730 δοξάντων’
334 3660 450 3748 απόρων
468 3664 541 3734 V]'
522 3662 640 3734 ἀπόρων
658 3661 806 3734 δοξάντων
832 3668 837 3735 Ι
863 3666 1043 3748 κατέστημεν
1060 3668 1087 3720 V
1091 3664 1129 3733 Μ]

114 3730 296 3816 καθέστηκεν
343 3738 375 3787 22
394 3730 426 3787 τδ
440 3739 501 3796 τοῖς
518 3738 636 3797 πολλοις
653 3737 681 3787 Η
723 3741 756 3789 23
775 3738 843 3789 Post
861 3729 1043 3803 φαινόμενον
1060 3734 1129 3789 Rsk.

114 3793 243 3865 ἐπέδειξε
261 3807 341 3868 putat
360 3803 496 3855 excidisse
