2416 4290
545 386 680 441 οιιενιο
700 388 720 438 1.
1120 385 1141 447 9

121 510 277 583 ἁπάντων
304 520 347 605 τῇ
378 514 483 607 ψήφῳ
513 514 622 605 πατὴρ
650 510 668 583 ὁ
697 513 770 595 σός,
798 518 833 581 τί
862 512 924 603 χρὴ
955 516 1018 581 νῦν
1050 538 1140 601 περι-

120 622 334 711 εργόζεσθαις
363 620 429 710 τὴν
456 620 493 691 δέ
520 624 553 703 ἐς
570 619 651 703 τοὺς
677 624 842 707 πολέμους
871 618 987 708 ρεόμην
1015 622 1051 687 ἐκ
1073 622 1142 688 τεόν

119 734 230 819 έργων
264 732 394 817 μᾶλλον
429 724 447 816 ἢ
475 726 531 797 διὰ
562 731 630 796 τῶν
663 728 774 813 λόγων
802 724 846 794 ι’ἱν
878 754 927 807 τις
959 732 1141 813 γνωρίσειε.

120 840 332 924 τυραννίδας
359 834 435 924 γάρ,
462 831 530 903 ἀλλ’
562 832 604 903 οὗ
631 840 801 921 βασιλείας
828 832 992 920 ἐννόμους
1020 844 1176 902 καθαι-ει

94 945 192 1031 ερῶν
219 939 283 1030 τὴν
316 942 520 1030 οἰκουμένην
552 943 699 1028 ἐπῆλθεν
727 938 869 1009 ἅπασαν.
910 940 1077 1025 τοσαίτηυ
1105 938 1141 1007 δέ

124 1046 264 1117 εὔνοιαν
297 1044 403 1117 αὑτοῦ
434 1063 504 1129 τοῖς
539 1044 697 1135 ἱπηκόοις
729 1048 950 1134 παρέστησεν,
988 1042 1074 1112 ὥσθ’
1110 1049 1145 1113 οἱ

121 1154 185 1243 μὲν
212 1156 471 1244 στρατευόμενοι
498 1158 556 1241 τῆς
579 1156 654 1241 περὶ
681 1151 740 1235 τὰς
762 1150 890 1241 δωρεὰς
917 1152 970 1221 καὶ
1000 1149 1058 1231 τίις
1085 1151 1142 1238 χεί-

121 1289 217 1349 ριτας
255 1268 502 1350 μεγαλοψυχίας
539 1268 586 1329 ἔτι
624 1261 826 1348 μεμνημένοι
868 1258 1020 1345 καθάπερ
1058 1254 1144 1326 θεόν

122 1371 318 1437 διατελοῦσι
345 1367 532 1455 σεβόμενοι·
565 1364 603 1435 τό
632 1367 669 1436 δὲ
699 1369 736 1434 ἐν
763 1380 835 1446 ταῖς
862 1364 975 1434 πόλεσι
1006 1366 1059 1431 καλ
1090 1366 1144 1433 ἐπὶ

81 1478 193 1543 ιοττόν
229 1471 345 1562 ἀγρῶν
379 1476 524 1561 πλῆθος,
561 1470 623 1561 οὐχ
656 1470 743 1541 οὕτω
776 1474 835 1559 τῆς
865 1474 934 1539 τῶν
966 1470 1144 1557 τυράννων

122 1578 358 1668 ἀπαλλαγῆναι
385 1581 570 1670 βαρύτητος
589 1576 773 1667 εὐχόμενοι.
802 1574 847 1659 ὡς
874 1576 965 1663 παρὰ
993 1580 1053 1645 τοῦ
1078 1580 1183 1646 σοῦΒ

122 1684 250 1775 πατρὸς
278 1683 456 1776 εἱρχθῆναι,
483 1684 545 1775 τὴν
573 1682 644 1753 κατ’
675 1688 814 1754 ἐκείνων
841 1682 931 1775 αὐτῷ
962 1690 1059 1769 νίκην
1088 1686 1142 1752 ἐπ-

126 1794 280 1881 ηύχουτο.
318 1794 387 1861 ἐπεὶ
407 1793 444 1861 δὲ
473 1788 632 1861 ἁπάντων
659 1792 775 1880 κύριος
794 1793 943 1876 κατέστη.
972 1786 1082 1877 ὥσπερ
1111 1792 1144 1871 ἐξ

125 1896 258 1987 αὐχμοῦ
290 1902 348 1986 τῆς
381 1896 563 1987 ἀπληστίας
594 1902 654 1967 τοτ’Ι
693 1898 983 1977 δυναστεύσαντος
1021 1898 1144 1983 πολλης

87 2003 269 2095 ιεᾶπορίας
296 2007 474 2095 χρημάτων
493 2003 596 2092 οὔσης
623 2006 678 2073 καὶ
697 2003 925 2073 τοῦπλούτου
952 2006 1020 2071 τῶν
1048 2010 1143 2089 βασι-

125 2120 225 2182 λείων
254 2115 292 2181 ἐν
319 2127 437 2200 μυχοῖς
456 2113 738 2199 συνεληλαμένου,
766 2110 802 2179 τὸ
822 2120 981 2198 κλεῖθρον
1009 2106 1145 2195 ἀφελῶν

127 2222 308 2288 ἐπέκλυσεν
336 2216 472 2307 ἀθρόως
498 2222 544 2310 τῷ
571 2218 705 2309 πλούτῳ
733 2218 853 2293 πάντα,
881 2216 979 2285 πόλιν
1006 2244 1039 2283 τε
1060 2214 1143 2283 ἐποί-

130 2352 236 2413 νυμον
269 2320 377 2393 αὑτοῦ
409 2327 609 2411 κατέστησεν
642 2326 679 2392 ε’ν
707 2320 787 2393 οὐδὲ
821 2321 910 2403 ἕλοις
939 2330 1024 2391 ε”τεσι
1052 2324 1143 2407 δέκα,

126 2432 276 2523 τοσούτῳ
309 2434 378 2499 τῶν
405 2428 515 2500 ἄλλων
548 2426 688 2499 ἁπασῶν
715 2437 862 2519 μείζονα,
891 2426 959 2519 ὅσῳ
986 2431 1044 2514 τῆς
1068 2424 1185 2497 ‘Pei-c

93 2562 187 2626 νμλς
225 2539 447 2607 ἐλαττοῦσθαι
484 2543 590 2621 δοκεῖ,
633 2529 670 2625 ἧς
706 2536 743 2606 τὸ
786 2536 946 2622 δευτέραν
987 2533 1144 2620 τετάχθαι

126 2648 242 2737 μακρῷ
282 2646 413 2731 βέλτιον
451 2650 561 2731 ἔμοιγε
603 2650 754 2731 μαίνεται
797 2638 815 2728 ἢ
853 2639 890 2709 τό
928 2644 997 2709 τῶν
1034 2638 1144 2709 ι’ίλλων

126 2746 268 2820 ἁπασῶν
295 2750 431 2841 πρωτην
451 2757 652 2837 νομίζεσθαι.
690 2748 795 2817 καλὸν
814 2758 893 2829 ἴσως
912 2750 1061 2815 ἐνταῦθα
1090 2748 1143 2817 καί

126 2860 193 2925 τῶν
222 2854 388 2945 ἀοιδίμων
413 2856 568 2945 Ἀθηνῶν
585 2860 790 2944 μνησθῆναι,
818 2852 857 2935 ἃς
880 2857 1006 2935 ἐκεῖνος
1034 2860 1145 2940 ε”ργοις

125 2964 180 3032 καὶ
209 2962 324 3050 λόγοις
350 2967 456 3051 τιμῶν
484 2962 544 3031 τὸν
571 2963 680 3031 πάντα
708 2962 831 3049 χρόνον
859 2961 1003 3030 διετέλει.
1049 2968 1144 3047 βασι-

88 3068 203 3151 ιελεὺς
230 3067 296 3159 γὰρ
325 3064 374 3138 ὢν
401 3071 456 3139 καὶ
476 3068 593 3158 κύριος
619 3068 767 3144 πάντων,
795 3065 979 3155 στρατηγὸς
1007 3070 1145 3135 ἐκείνων

128 3174 223 3263 ἠξίου
252 3185 439 3263 καλεῖσθαι,
467 3177 522 3245 καὶ
541 3176 696 3262 τοιαύτης
725 3174 854 3255 εἰκόνος
872 3173 1050 3261 τυγχάνων
1078 3170 1142 3262 μετ’

193 3365 210 3412 4
229 3370 258 3413 et
276 3364 292 3413 ὅ
310 3360 463 3427 καθαίρων
483 3362 645 3413 dubitanter
662 3362 750 3423 Wytt.
770 3361 807 3411 cf.
827 3362 875 3410 231
887 3360 912 3408 D
969 3362 984 3409 6
1003 3352 1145 3423 παρέστη-

126 3444 177 3481 σεν
194 3430 232 3493 Η]
252 3427 426 3496 κατέστησεν
479 3433 494 3480 7
513 3433 541 3479 et
558 3432 574 3480 8
592 3424 644 3487 τὰς
664 3423 782 3493 χάριτας
801 3426 836 3492 V]
855 3424 975 3494 χάριτας
1030 3428 1060 3475 12
1078 3416 1145 3475 κατ’

126 3492 247 3575 ἐκείνωγ
266 3490 346 3563 αὐτῷ
366 3496 400 3565 V]
418 3489 480 3549 κατ’
499 3488 596 3550 αὐτῶν
614 3488 734 3548 ἐκείνων
804 3498 836 3545 12
855 3502 882 3545 et
901 3498 932 3543 13
951 3486 1108 3558 ἐνηόχοντο
1121 3492 1145 3541 V

128 3557 551 3633 13δπαντωνν11]ποίντων
621 3567 652 3615 18
676 3556 768 3615 αὐτοῦ
787 3564 845 3614 VM
915 3564 946 3611 19
970 3557 1144 3625 τοσούτῳ-

126 3632 354 3701 τεταμίευσαι
373 3634 420 3683 eit.
456 3634 556 3685 Suidas
575 3650 601 3683 v.
618 3624 927 3687 Κωνσταντινοόπολις
997 3630 1028 3679 19
1046 3624 1144 3677 τοσοῦ-

126 3716 177 3752 τον
195 3708 222 3751 et
240 3714 310 3753 οσον
330 3700 403 3753 snid.
473 3704 506 3751 22
524 3698 645 3766 μείζονα
663 3696 714 3751 καί
732 3706 797 3749 ante
816 3692 932 3762 πρώτην
949 3695 1032 3761 vulgo
1051 3694 1145 3743 addita

128 3782 180 3823 om.
197 3770 222 3821 V
240 3774 270 3819 et
288 3766 362 3819 Suid.
432 3770 465 3819 ‘26
484 3764 605 3835 εἰκόνος]
626 3762 741 3825 εἰκότως
760 3770 784 3819 V
