2416 4290
113 412 154 476 53
415 412 559 465 ιυιαεαι
579 410 827 463 ιυΡακΑνοεαε

113 541 331 630 μετήλλαξαν,
372 536 570 627 εὐδαίμονες
612 536 701 628 παρὰ
742 541 804 608 τοῦ
846 538 999 625 πλήθους
1041 534 1128 609 εἶναι

113 647 314 737 κρινόμενοι.
360 643 445 727 ὅλως
473 644 509 713 δὲ
543 642 605 714 ούκ
634 652 723 714 ἔστιν
752 641 832 715 ούδὲ
859 639 921 731 εἷς,
950 640 987 727 ὃς
1015 642 1127 733 ἐπειδὴ

112 754 235 843 ταύτης
266 750 395 844 ἠξιώθη
422 755 481 840 τῆς
508 754 617 840 τιμῆς,
649 757 681 820 εί
705 752 761 821 καλ
789 749 960 841 μοχθηρὸς
985 747 1128 842 ὕστερον

113 860 232 950 ἐφάνη,
259 865 418 950 τιμωρίας
444 863 539 947 ἔτυχε
566 854 724 949 μικράςῆ
752 864 913 947 μείζονος·
941 854 1061 948 ἤρκεσε
1090 858 1128 929 δὲ

112 963 217 1037 αὐτὸν
245 964 455 1055 ἀπηλλάχθαι
483 965 589 1053 μόνον
615 965 672 1035 καὶ
699 965 804 1054 μηδὲν
832 967 981 1053 ἐνοχλεῖν
1009 970 1066 1033 ἔτι.
1140 1002 1154 1045 ⁶

65 1100 92 1158 D
188 1087 244 1159 Ἐν
272 1090 309 1159 δὲ
336 1090 468 1171 τούτοις
495 1087 620 1159 άπασιν
649 1085 698 1158 ἀν
716 1090 772 1159 καί
800 1086 946 1177 γεγονὼς
973 1091 1128 1173 τοιοῦτος

112 1198 145 1278 ἐξ
178 1194 280 1286 ἀρχῆς
311 1193 437 1284 ἡδονῆς
469 1192 615 1284 ἀπάσης,
647 1186 669 1286 ᾖ
696 1196 875 1286 πρόσεστιν
907 1193 1040 1279 όνειδος
1070 1197 1127 1267 καί

110 1302 246 1393 μικρόν,
278 1301 435 1392 καθαρὰν
461 1301 523 1390 τὴν
554 1301 667 1392 ψυχὴν
700 1303 908 1391 διεφύλαξας.
953 1302 1062 1390 μόνον
1089 1302 1128 1374 δδ

112 1407 206 1498 οἶμαι
243 1409 280 1478 σὲ
316 1411 385 1478 τῶν
430 1409 582 1498 πρόσθεν
619 1406 891 1499 αύτοκρατόρων,
928 1408 1051 1498 σχεδὸν
1087 1408 1126 1480 δδ

110 1513 197 1603 πλὴν
234 1515 369 1605 σφόδρα
406 1512 530 1602 ὀλίγων
566 1516 622 1585 καὶ
658 1515 794 1585 πάντων
831 1513 1024 1607 ἀνθρώπων
1062 1512 1161 1593 ούκια

110 1618 254 1710 ἀνδράσι
280 1622 388 1711 μόνον
414 1622 624 1712 παράδειγμα
651 1621 734 1712 πρὸς
762 1621 991 1712 σωφροσύνην
1017 1646 1124 1713 παρα-

111 1743 203 1816 σχεῖν
230 1728 420 1815 κάλλιστον,
452 1730 507 1797 καὶ
535 1729 669 1816 γυναιξὶ
697 1728 734 1798 δὲ
761 1732 819 1817 τῆς
846 1727 930 1819 πρὸς
957 1726 1038 1810 τούς
1066 1726 1126 1800 άν-

52 1860 91 1913 4⁷
110 1838 192 1924 δρας
219 1841 405 1917 κοινωνίας.
437 1832 501 1903 όσα
529 1832 592 1925 γάρ
621 1837 763 1916 ἐκείναις
790 1832 1063 1925 ἀπαγορεύουσιν
1090 1840 1127 1906 οί

109 1940 208 2028 νόμοι
243 1945 304 2011 τού
335 1948 481 2029 γνησίως
513 1941 663 2028 φύεσθαι
698 1940 778 2023 τοὺς
815 1947 938 2024 παῖδας
973 1941 1123 2031 ἐπιμελό-

109 2073 219 2134 μενοι,
254 2050 360 2117 ταύτα
396 2043 414 2116 δ
452 2047 551 2134 λόγος
587 2044 786 2139 ἀπαγορεύει
822 2063 894 2131 ταῖς
930 2050 1160 2138 ἐπνθυμίαιςα

108 2152 198 2242 παρὰ
226 2160 288 2223 σοί.
334 2151 406 2223 ἀλλ’
436 2149 519 2242 ὑπὲρ
546 2154 608 2242 μὲν
634 2154 764 2223 τούτων
797 2160 893 2242 ἔχων
910 2161 957 2224 ἔτι
984 2161 1124 2226 πλείονα

108 2260 217 2346 λέγειν
245 2257 375 2348 ἀφίημι.
411 2261 470 2347 τῆς
497 2260 692 2349 φρονήσεως
716 2261 753 2330 δὲ
772 2258 866 2343 ἀξιον
893 2261 956 2350 μὲν
984 2267 1124 2333 ἔπαινον

108 2369 258 2436 διελθεῖν
285 2363 442 2455 ούδαμύς
469 2363 614 2456 εύχερές,
643 2365 743 2457 μικρά
771 2367 808 2436 δὲ
836 2364 924 2456 ὅμως
951 2368 1008 2436 καλ
1037 2364 1123 2459 ὑπὲρ

106 2472 228 2563 ταύτης
264 2476 393 2564 ῥητέον.
439 2477 507 2542 ἔστι
545 2473 581 2543 δὲ
617 2472 658 2543 τά
693 2474 754 2562 μὲν
791 2479 872 2564 ἔργα
908 2477 977 2543 τῶν
1013 2474 1123 2562 λόγων

107 2576 200 2666 οἶμαι
231 2580 417 2670 πιστότερα.
463 2576 506 2649 ού
533 2579 597 2669 γάρ
630 2582 721 2649 ἐστιν
749 2579 837 2663 είκὸς
868 2579 1037 2669 τοσαύτην
1065 2578 1123 2671 ἀρ-
1136 2612 1160 2653 ιι

66 2683 172 2772 Βχην
203 2687 259 2754 καὶ
296 2686 443 2775 δύναμιν
474 2683 519 2773 μὴ
556 2683 646 2776 παρὰ
681 2689 739 2774 τῆς
776 2696 850 2774 ίσης
887 2689 1124 2777 διοικουμένην

106 2792 163 2859 καὶ
191 2793 423 2880 κρατουμένην
449 2791 646 2881 φρονήσεως
675 2790 773 2882 [πρὸς
799 2797 963 2863 τοσούτου
981 2795 1125 2882 μέγεθος

107 2893 292 2985 ἀφικέσθαι
319 2898 375 2966 καί
402 2897 521 2979 κάλλος
548 2898 713 2988 πράξεων·
742 2896 914 2987 ἀγαπητὸν
942 2901 990 2986 δέ,
1019 2905 1051 2969 εί
1067 2900 1124 2971 καὶ

106 3006 146 3092 τῇ
160 3002 243 3091 τύχη
262 3003 368 3091 μόνον
383 3008 459 3092 δίχα
474 3003 670 3095 φρονήσεως
688 3008 941 3096 ἐπιτρεπομένη]
961 3006 1015 3075 ἐπὶ
1034 3004 1123 3077 πολύ

191 3246 207 3296 θ
234 3235 425 3313 ἀπηλλάχθαι
446 3247 471 3296 V
513 3240 680 3315 ἀπηλλάχθαι
707 3239 910 3327 (άπηλόγχθαρ
933 3244 977 3314 Μ)
1030 3250 1064 3326 ,6
1091 3240 1123 3301 όν

107 3304 145 3375 δὴ
166 3311 192 3363 V
263 3306 384 3378 θοῖμαι
408 3308 437 3365 αδ
461 3243 586 3384 gebun]
612 3309 697 3382 οἶμαί
718 3331 749 3369 σε
836 3319 867 3369 13
891 3331 986 3384 απαγο
1006 3330 1124 3368 ευουσιυ

105 3377 145 3447 V]
178 3370 241 3431 άπα
260 3372 392 3446 ορεύουαι
488 3386 521 3435 14
551 3381 674 3452 γνησίως
700 3381 741 3453 V]
777 3383 914 3450 γνησίους
946 3386 951 3446 Ι
987 3332 1122 3451 ἀπιμελό·

129 3450 230 3501 mcv
261 3442 518 3527 ]άτιιμελου’μενοι
588 3453 620 3502 16
637 3448 716 3532 παρὰ
733 3448 779 3504 aaz
795 3448 864 3519 VM]
883 3445 962 3516 παρά
979 3465 1026 3504 οοι
1089 3454 1122 3503 22

132 3515 200 3566 orba
216 3531 288 3583 προς
306 3516 444 3570 τοσοῦτον
462 3546 494 3557 -
512 3517 582 3586 δίχα
601 3534 765 3586 φρουησεως
789 3512 978 3587 ἐπιτρεπομίν
1015 3519 1121 3571 habent

104 3582 141 3647 V,
160 3583 247 3635 codex
264 3585 526 3666 Anglieanusuapud
544 3587 701 3651 Patavium,
725 3589 822 3654 spanh.
842 3585 926 3654 (quae
944 3537 1018 3652 πρός
1035 3582 1122 3641 τούτο

104 3648 176 3716 legit
196 3667 245 3717 pro
268 3668 340 3718 προς
361 3654 522 3719 τοιουτου),
548 3657 679 3706 omittunt
699 3654 728 3704 M
751 3662 780 3708 et
802 3661 858 3721 pet.
932 3659 967 3707 24
992 3650 1026 3722 τῇ
1049 3648 1122 3722 τύχη

25 3778 32 3785 .
104 3717 191 3783 wytt„
218 3725 246 3771 et
273 3717 401 3789 Schnefi]
425 3714 498 3787 τύχη
530 3720 535 3787 Ι
571 3714 619 3773 ἒκλ
648 3717 723 3774 πολὺ
751 3720 850 3789 μένειν
880 3739 931 3775 om.
961 3724 986 3775 V
1010 3723 1119 3791 Anglic.

73 3800 138 3861 „up
157 3786 214 3855 nh„
229 3784 312 3855 μόνω
328 3788 495 3840 emendabat
510 3790 600 3855 Wytt.
642 3820 645 3825 -
