2416 4290
976 100 982 113 ,
1015 102 1019 109 ,

46 39 1128 264 m

390 377 392 384 '
486 391 703 444 1111111110.
1062 406 1110 452 vn

152 529 207 610 10)
232 527 348 593 Codex
365 526 539 592 Parisinus
552 527 647 609 2832,
669 527 774 591 forma
798 527 1001 610 octuplicata,
1025 526 1112 590 char·

91 618 211 697 tacens,
228 613 353 677 saeculi
369 611 458 691 XVI,
482 610 645 689 Caesares,
662 609 825 695 Epistolas
841 613 872 675 vi
896 611 968 689 iuti,
985 611 1113 676 Oratio·

92 697 203 763 nemlI
210 698 362 763 mutilam
370 695 539 783 (vid.p.V1
547 696 658 780 not3)
665 695 847 760 continens.
906 695 1002 760 llatus
1016 700 1065 761 est
1078 697 1113 758 in
1130 733 1135 744 .

96 774 290 849 Caesaribus
313 803 351 845 us
375 802 413 845 ue
435 781 476 844 ad
497 802 529 864 p.
545 779 652 847 3310.
680 781 873 845 Accuratius
887 781 973 845 hunc
996 780 1113 845 librum

95 868 196 932 deseri
221 869 266 932 sit
287 803 446 950 Hsyierus
468 865 503 927 in
524 864 626 947 praef.
649 864 689 928 ad
711 864 816 949 Epist.
840 887 871 949 p.
887 864 992 929 XXII.

159 890 219 1038 up
237 951 349 1018 Codex
365 949 538 1015 Perceiana
552 949 646 1030 2954,
669 948 774 1014 fornia
788 949 994 1033 octuplicata,
1016 972 1113 1014 mem-

96 1038 292 1117 branaceus,
322 1033 449 1100 saeculo
471 1032 533 1098 XV
555 1033 619 1097 scri
641 1035 710 1116 tus,
737 1055 832 1118 quem
861 1034 1040 1098 accuratius
1062 1034 1113 1098 de·

98 1122 158 1185 scri
181 1121 226 1184 sit
236 1120 394 1204 Heylerus
409 1119 445 1182 in
459 1117 560 1202 praef.
573 1055 730 1202 aprist.
742 1140 775 1201 p.
784 1117 856 1183 XX.
881 1119 1113 1215 A'pographum

95 1210 143 1270 cst
190 1205 311 1270 ossiani
333 1226 370 1268 eo
391 1207 537 1287 tempore
558 1201 695 1286 factum,
717 1223 780 1287 quo
809 1203 874 1266 iam
897 1204 998 1267 multa
1019 1226 1055 1267 1n
1078 1225 1114 1267 eo

94 1290 163 1375 legi
178 1311 247 1354 non
260 1291 422 1374 poterant,
444 1288 500 1351 ssd
513 1287 606 1370 folia,
623 1309 704 1370 quae
718 1308 806 1352 nunc
821 1288 947 1371 desunt,
969 1287 1114 1352 nondum

117 1375 271 1438 erierant.
307 1373 415 1437 Habet
440 1372 544 1456 igitur
565 1392 646 1455 quae
674 1373 710 1435 in
730 1371 891 1437 Vossiano
915 1371 1113 1437 exciderunt.

93 1399 185 1534 01100
214 1463 322 1522 autem
349 1457 501 1521 librarius
529 1455 670 1521 Parisini
698 1456 878 1541 apographi
912 1457 1020 1542 legere
1050 1479 1114 1521 non

94 1548 236 1628 poterat,
259 1543 293 1605 in
316 1543 430 1625 quibus
453 1544 540 1623 sunt,
564 1561 645 1624 quae
667 1541 765 1605 etiam
786 1562 873 1606 nunc
895 1541 1062 1625 dispicias,
1087 1543 1114 1606 si

95 1629 207 1692 oculos
229 1626 390 1709 intendas,
412 1626 529 1690 lacuna
551 1625 664 1690 relicta
684 1624 851 1693 iudicavit.

162 1712 217 1796 12)
233 1711 355 1861 Ι00601
379 1709 553 1777 Peiraieus
573 1710 673 1794 3020,
701 1709 855 1776 Caesares
883 1714 916 1775 ct
944 1709 1115 1776 Orationes

164 1881 218 1966 13)
246 1879 356 1945 Codex
378 1877 553 1944 Parisinus
575 1878 674 1961 3029,
696 1878 890 1964 Misopogon
914 1900 986 1944 cum
1007 1879 1116 1943 multis

96 1966 196 2030 variis
218 1964 411 2030 lectionibus
433 1963 473 2027 ad
494 1964 675 2049 marginem
697 1963 878 2048 adscriptis.

163 2051 218 2135 14)
243 2048 352 2115 Codex
376 2047 552 2113 Perceiana
572 2048 671 2130 3038,
694 2048 897 2133 Misopogon.

161 2134 336 2198 Praeterea
357 2131 516 2216 Heylerus
538 2133 574 2196 in
595 2132 624 2198 E
647 2133 751 2198 istolis
779 2155 855 2197 usus
878 2137 928 2196 est
951 2131 1116 2199 Parracis

98 2219 173 2301 963,
188 2219 262 2302 967,
280 2218 373 2300 1031,
398 2217 490 2300 1310,
509 2217 600 2300 1603,
616 2155 710 2299 iim,
725 2217 818 2301 2755,
835 2217 931 2296 3044,
962 2214 1115 2282 Vaticano

104 2303 185 2367 1353
210 2307 243 2368 et
270 2301 528 2383 Heidelberpeasi
555 2301 634 2383 356,
669 2299 852 2367 Horcherus
881 2301 1115 2366 Laurentiaais

99 2386 215 2471 LVIII,
241 2387 280 2452 16
303 2389 336 2450 ct
357 2385 492 2464 XXXII,
515 2387 568 2468 37,
599 2383 760 2451 Palatiais
783 2387 844 2450 134
865 2389 899 2449 et
924 2385 994 2468 146,
1021 2385 1116 2451 Mor·

98 2474 203 2537 manis
225 2471 268 2536 79
289 2475 322 2534 et
343 2471 386 2536 54
407 2475 440 2535 et
469 2471 622 2536 Vaticano
643 2470 718 2535 434.

161 2555 191 2619 Ε
205 2555 331 2620 Patavii
348 2554 511 2621 codicibus
526 2555 645 2640 dignus
661 2554 810 2639 inprimis
827 2557 886 2637 est,
930 2554 963 2617 ui
980 2574 1115 2618 comme·

99 2644 258 2724 moretur,
278 2639 516 2722 Burconem,
540 2639 629 2703 cuius
644 2660 705 2723 ops
726 2639 826 2703 multa
846 2638 882 2702 in
937 2638 1037 2702 itione
1059 2661 1117 2703 sua

96 2725 251 2789 mendose
266 2724 387 2808 scripta
404 2724 542 2789 correxit
556 2724 705 2787 Petavius
725 2725 759 2787 iu
775 2724 863 2788 notis
885 2722 925 2787 ad
940 2722 1115 2807 Epistolas.

161 2809 224 2874 His
245 2809 349 2893 igitur
370 2808 518 2873 subsidiis
540 2809 715 2873 instructus
742 2829 801 2892 pro
823 2808 938 2872 vitiosa
958 2808 1118 2893 scriptura

122 2893 250 2958 lurimis
263 2893 343 2958 loeis
358 2915 379 2957 e
390 2894 481 2957 libris
497 2915 593 2956 manu
609 2893 739 2976 scriptis
753 2892 956 2958 emendatam
977 2894 1117 2976 reposui.

133 2979 165 3042 bi
192 3000 269 3043 vero
291 2978 416 3043 codices
438 3000 533 3062 opem
555 2999 623 3042 non
643 2977 806 3060 ferebant,
836 2977 877 3042 ad
898 2976 1118 3060 conjecturam

100 3063 151 3128 vel
167 3063 304 3127 aliorum
316 3062 367 3127 vel
380 3084 484 3128 meam
496 3062 636 3148 confugi,
650 3067 745 3147 atquc
761 3060 999 3126 emendationes
1015 3067 1118 3127 certas

98 3148 136 3210 in
162 3148 333 3212 verborum
362 3151 548 3212 contextum
570 3147 690 3231 recepi,
718 3145 907 3211 verisimiles
935 3150 992 3211 aut
1013 3147 1118 3231 aliquo

100 3231 195 3295 modo
207 3231 431 3297 memorabiles
442 3233 477 3296 in
489 3231 699 3297 adnotatione
711 3232 966 3297 commemoravi.
995 3231 1118 3297 Reislrii

101 3316 397 3382 animadversiones
419 3336 495 3381 exce
535 3317 563 3380 si
578 3339 617 3381 ex
640 3315 841 3403 autographo
864 3317 932 3380 sius
947 3317 982 3380 in
1005 3316 1118 3382 biblio·

99 3399 196 3465 theca
217 3400 367 3465 Leidensi
388 3401 473 3465 inter
538 3400 790 3484 yttenbachiana
811 3411 984 3466 asservato.

165 3484 320 3550 Vossiani
342 3486 531 3569 scripturam
553 3486 713 3572 integram
728 3486 863 3570 apposui
877 3488 1005 3568 praeter
1025 3485 1118 3550 levis·

103 3569 184 3632 sima
204 3569 378 3653 quaedam,
405 3573 442 3634 ut
468 3566 512 3654 μὴ
535 3571 573 3635 δὲ
601 3593 661 3654 pro
689 3569 773 3654 μηδὲ
799 3573 832 3633 ot
862 3566 935 3651 οὐχ’
959 3590 1018 3652 pro
1045 3567 1117 3654 οὐχ,

104 3652 299 3736 reliquorum
321 3654 493 3719 selectam
958 3662 960 3667 ’
