2416 4290
74 39 1184 261 -Ι

540 426 675 479 οιιετιο
694 428 716 479 1.
1095 428 1138 493 49

113 554 293 645 παρούσης
320 554 448 634 πόλεως
475 550 517 622 ού
534 553 677 642 φαύλης,
704 569 774 636 τοῖς
801 558 1077 644 στρατευομένοις
1099 558 1137 627 δέ

115 659 178 732 ούκ
211 663 247 743 ἐξ
280 660 499 747 ἐπιτάγματος
530 659 569 729 τὸ
601 675 719 730 πονεῖν
750 662 806 730 καὶ
839 662 1066 749 κινδυνεύειν,
1103 667 1137 745 ἐξ

117 758 166 838 ῶν
195 768 233 838 δέ
252 764 357 849 αὐτὸς
375 771 474 857 ἐδρας
500 770 712 856 παρεγγυῶν,
740 765 891 857 άτραπον
913 768 975 855 μὲν
1002 771 1137 860 ἐξηῦρες

118 873 297 961 ἄγνωστον
323 888 395 954 τοῖς
412 876 507 943 πᾶσι·
534 875 665 961 πέμψας
683 874 720 943 δέ
738 871 921 962 άξιόμαχον
947 879 1005 963 τῆς
1033 877 1175 953 δυνά-ο

95 1007 205 1071 εμεως
241 976 373 1068 όιπάσης
410 975 555 1049 ὁπλιτῶν
590 995 728 1067 μοῖραν,
765 979 836 1049 εἶτα
873 980 985 1069 ἐπειδὴ
1022 986 1137 1069 σαφῶς

121 1094 225 1175 ἐγνως
253 1084 378 1168 αύτούς
404 1101 475 1168 τοῖς
501 1092 671 1174 πολεμίοις
698 1089 899 1175 ἐφεστῶτας,
927 1085 1029 1169 αύτός
1056 1086 1137 1156 άνα-

121 1192 234 1283 λαβὼν
260 1184 340 1281 ἦγες
366 1191 403 1262 τὸ
427 1191 625 1282 στράτευμα,
652 1193 708 1261 καὶ
735 1194 846 1284 κύκλῳ
875 1195 1036 1283 περιέχων
1054 1195 1136 1263 πάν-

121 1326 187 1369 των
220 1300 411 1391 ἐκράτησας.
455 1302 560 1368 ταῦτα
588 1301 707 1388 ἐδρᾶτο
736 1298 800 1389 πρὸ
828 1302 887 1388 τῆς
914 1302 969 1379 ἕω,
999 1299 1135 1388 ἤγγελτο

122 1406 158 1475 δέ
188 1405 254 1497 πρὸ
293 1412 498 1495 μεσημβρίας
528 1408 576 1498 τῷ
607 1406 763 1498 τυράννῳ
800 1402 952 1494 ἁμίλλαις
989 1412 1138 1491 ἱππικαῖς

95 1514 176 1583 ιικαὶ
203 1512 393 1602 πανηγύρει
411 1512 678 1604 προδκαθημένφ
706 1514 762 1581 καὶ
781 1515 849 1582 τῶν
875 1514 1053 1602 παρόντων
1078 1513 1136 1584 ού-

76 1618 177 1689 δέν
210 1622 385 1702 ἐλπίζοντι.
425 1625 476 1701 τίς
507 1618 569 1706 μὲν
603 1610 666 1687 οὖν
699 1621 843 1747 γέγονεν
876 1621 912 1688 ἐκ
943 1626 1049 1706 τίνος,
1082 1624 1135 1689 και

75 1724 275 1814 ποταπὴν
292 1725 433 1813 γνῶμην
459 1724 547 1814 εἶχεν
565 1720 649 1812 ύπέρ
667 1728 736 1794 τῶν
753 1725 941 1813 παρόντων,
969 1724 1067 1794 καὶ”
1049 1753 1138 1810 οπως
1156 1740 1181 1795 D

74 1778 80 1903 ἐ
122 1829 265 1903 ἐκλιπῶν
297 1838 401 1920 ἐφυγε
433 1830 496 1919 τὴν
531 1830 630 1901 πόλιν
662 1833 718 1900 καὶ
750 1831 812 1919 τὴν
842 1828 983 1900 Ἰταλίαν
1014 1836 1137 1921 πᾶσαν,

74 1958 76 1965 ·
120 1937 198 2020 τοὺς
217 1938 348 2027 φόνους
365 1935 474 2007 καὶ
439 1966 498 2020 τας
515 1938 668 2027 πρόσθεν
696 1935 826 2019 ἀδικίας
845 1939 1138 2028 ἐκκαθαιρόμενος,

87 2042 161 2115 ιεού
192 2047 257 2114 τού
288 2045 454 2135 παρόντος
485 2040 529 2113 ἂν
560 2053 611 2133 είη
643 2044 748 2131 λόγον
780 2050 980 2133 διηγεῖσθαι.
1025 2052 1138 2134 ἔμελλε

120 2151 157 2220 δέ
189 2158 348 2241 βραχείας
384 2149 557 2239 άνοκωχῆς
592 2149 705 2240 τυχῶν
742 2148 845 2221 ούδέν
875 2177 906 2218 τι
938 2166 1033 2239 μεῖον
1070 2156 1138 2222 τῶν

120 2263 315 2347 ἔμπροσθεν
356 2257 503 2344 δράσειν.
557 2254 665 2339 οὕτως
706 2254 807 2347 ούδέν
847 2256 931 2345 πρὸς
971 2266 1139 2347 πονηρίαν

119 2366 230 2452 ψυχῆς
257 2361 439 2454 ἅνθρωπος
467 2361 603 2445 άνόσιος
631 2366 748 2454 ἐξηύρε
776 2364 965 2452 καθάρσιον
993 2363 1050 2432 διά
1078 2369 1139 2433 τού

119 2469 282 2559 σῶματος.
328 2466 531 2558 άφικόμενος
562 2467 629 2560 γάρ
666 2476 713 2552 είς
746 2476 914 2539 Γαλατίαν
947 2464 964 2537 ό
997 2469 1139 2559 χρηστός

81 2604 107 2645 ιο
120 2572 239 2646 ούτοσὶ
276 2577 332 2645 καὶ
364 2576 506 2666 νόμιμος
538 2574 651 2666 άρχων
682 2580 847 2646 τοσούτου
883 2570 989 2644 αὑτοῦ
1021 2579 1138 2663 γέγονε

119 2682 362 2773 χαλεπώτερος,
396 2679 456 2770 ῶς,
489 2693 523 2752 εί
545 2709 595 2764 τις
626 2684 790 2773 πρότερον
823 2679 928 2751 αὐτόν
960 2682 1137 2771 διαφυγῶν
1156 2703 1191 2754 40

120 2790 273 2879 ἐλελήθει
300 2796 459 2880 τιμωρίας
485 2790 608 2880 τρόπος
636 2787 815 2878 ῶμότατος,
842 2791 964 2859 τούτου
993 2789 1138 2880 ἐξευρὼν

120 2897 233 2984 θέαμα
260 2898 499 2986 κεχαρισμένον
530 2891 622 2989 αὑτῶ
649 2895 708 2978 τὰς
740 2900 808 2964 τῶν
835 2894 966 2966 ἀθλίων
993 2900 1138 2966 πολιτῶν

122 3017 258 3095 παρεῖχε
276 3001 466 3093 συμφοράς·
495 3000 641 3093 ἅρματος
665 3005 787 3086 ζῶντας
806 3004 947 3091 ἐκδήσας
973 3005 1029 3071 καὶ
1056 3016 1137 3092 μεθ-

87 3110 170 3190 mig
202 3110 369 3199 φέρεσθαι
400 3124 470 3190 τοῖς
496 3105 645 3197 ἡνιόχοις
672 3111 780 3178 ἕλκειν
807 3106 850 3177 άν
882 3110 1045 3196 ἐκέλευεν,
1077 3108 1137 3178 αύ-

182 3324 386 3414 θ’ἐξηύρεςΗ]
405 3324 519 3397 ἐξεῦρες
571 3325 746 3414 ’ίπερισχῶν
764 3336 792 3385 Μ
804 3339 861 3400 pet
913 3337 1000 3398 θμεσ
1039 3332 1139 3397 ot'acv

125 3402 156 3450 12
182 3398 240 3453 τῶν
265 3394 418 3481 παρόντων
443 3397 511 3465 VM]
541 3396 702 3480 παρόντων
766 3404 798 3454 13
821 3397 911 3467 ἐφυγε
929 3399 977 3482 M]
1023 3416 1137 3479 φευγει

124 3463 221 3520 πᾶσαν
237 3459 314 3548 V]
294 3481 412 3519 απασαν
483 3470 516 3518 14
533 3460 811 3551 ἐκκαθαροάμενοςθ
868 3472 901 3520 16
919 3463 1068 3533 άνοιιωκῆε
1086 3466 1139 3518 Co·

124 3527 251 3617 betusJ’
233 3535 389 3617 ανριιιωχῆς
406 3534 411 3600 Ι
430 3527 519 3587 οόδέν
536 3534 632 3603 τίμιον
648 3537 673 3585 V
744 3539 774 3588 18
776 3530 909 3656 ἐοἶνόσιος
927 3532 1058 3597 Cobetusl
1078 3525 1138 3587 ἀλλ’

124 3596 231 3663 ὁθεος
251 3594 330 3683 ζάλί
354 3595 389 3655 ου’
413 3596 485 3662 θεας
500 3602 537 3683 V)
564 3608 568 3663 Ι
595 3597 697 3686 ἐξηύρε
716 3601 754 3685 H]
776 3597 874 3668 ἐξεῦρε
944 3606 975 3653 19
997 3603 1140 3683 γαλατιάν

124 3669 159 3737 V]
182 3672 319 3753 γαλατας
381 3673 415 3722 20
437 3663 525 3728 αύτός
546 3673 585 3739 V,
610 3669 708 3752 αυτὸς
719 3667 812 3724 αὑτοῦ
835 3671 946 3723 Schaef.
1015 3673 1046 3721 21
1070 3664 1139 3749 πρό-

124 3731 384 3861 Ξξῖῗὲιῖἐεῖλὶλῖ.
387 3710 586 3873 ἐόλάλέἷιι
603 3732 893 3869 v²³55232325⁰3³²⁸
913 3727 990 3806 αὐτῷ
1051 3742 1084 3791 ²⁵
1102 3757 1141 3791 “⁹

174 3901 280 3942 Iulianus
292 3902 312 3941 I
972 3893 993 3943 4
