2416 4290
152 346 194 409 38
456 347 866 399 ιυτιλαιιωεεελτοειε

152 474 267 563 νόμων
293 473 494 562 τολμήματα,
521 472 582 542 τὸν
608 474 670 562 μέν
698 480 745 556 είς
773 480 871 562 δίκην
898 476 954 543 καὶ
981 480 1093 565 κρίσιν
1111 478 1168 547 ἐπὶ

151 585 220 651 τῶν
247 583 481 670 στρατοπέδων
499 581 708 670 προυκάλεις,
736 584 797 650 τοῦ
821 581 858 650 δέ
876 580 993 670 κριτήν
1020 578 1168 672 ὑπελάμ-

152 695 252 775 βανες
289 686 375 756 εἶναι
409 685 469 757 τδν
505 687 660 775 πόλεμον.
716 684 786 756 ἀλλ’
826 685 938 775 ἐπειδὴ
975 692 1111 778 πρῶτον
1148 685 1168 760 δ

64 822 70 839 ·
98 814 133 865 81
152 793 252 876 καλὸς
284 796 339 863 καὶ
367 791 505 875 συνετὸς
537 791 666 883 ἀπήντα
697 794 899 882 πρεσβύτης,
932 790 1169 887 εὐχερέστερον

152 907 334 990 παιδαρίου
366 898 458 982 τινὸς
489 901 743 989 μετατιθέμενος
774 899 815 969 τά
852 900 995 982 δόξαντα
1026 904 1084 971 καί
1117 893 1195 975 ῶνα

92 1094 99 1107 1
152 1000 191 1077 εὖ
209 1009 313 1078 πάθοι
333 1007 491 1095 δεόμενος
508 1006 589 1095 μετὰ
605 1005 668 1094 τήν
691 1013 806 1097 χρείαν
826 1008 1027 1096 ἐπιλήσμων·
1055 1012 1169 1099 παρῆν

153 1115 189 1184 δέ
218 1113 310 1202 άγων
338 1111 482 1184 ὁπλιτῶν
514 1112 687 1202 φάλαγγας
713 1116 769 1182 καὶ
800 1113 907 1196 τάξεις
935 1115 1078 1201 ίππέων,
1111 1110 1168 1203 ῶς,

59 1238 63 1249 ”
151 1228 182 1291 εί
207 1221 251 1310 μή
280 1228 407 1306 πείθοι,
441 1221 642 1308 βιασόμενύς
670 1219 736 1310 (σε)
765 1217 871 1290 ὀπίσω
905 1220 1005 1290 πάλιν
1032 1217 1167 1292 ἀπιέναι

149 1326 212 1417 τήν
241 1325 347 1415 αὐτὴν
375 1324 556 1414 άπρακτον·
586 1324 689 1396 ούδέν
708 1329 890 1414 ἐκπλαγείς,
919 1324 970 1396 ὅτι
992 1324 1053 1396 τὸν
1082 1328 1165 1417 σύμ-

149 1461 257 1523 μαχον
275 1435 331 1502 καὶ
351 1432 537 1522 στρατηγὸν
559 1448 672 1521 μενεῖν
700 1432 986 1520 ἐπαγγελλόμενον
1004 1435 1166 1523 πολέμιον
1197 1475 1199 1496 ι

151 1539 236 1622 εἶδες
264 1543 296 1622 ἐξ
325 1549 399 1628 ίσης
426 1538 540 1630 άρχειν
560 1542 730 1625 ἐθέλοντα,
757 1546 866 1609 καίτοι
883 1543 929 1631 τῶ
957 1539 1080 1629 πλήθει
1098 1544 1167 1611 τῶν

109 1646 408 1737 Βστρατευμάτων
436 1647 683 1735 ἐλαττούμενος,
711 1649 780 1715 ἐπεὶ
808 1645 853 1736 μή
871 1647 993 1728 πάντες
1020 1651 1167 1735 εἵποντο,

149 1752 234 1843 πρὸς
260 1753 382 1842 πλήθει
408 1757 596 1842 κρατοῦντα
623 1758 882 1839 διαγωνίζεσθαι
910 1752 1077 1844 τολμηρὸν
1105 1753 1168 1842 μέν

151 1869 246 1946 ἴσως,
274 1858 444 1948 σφαλερὸν
472 1859 508 1929 δέ
537 1857 644 1940 άλλως
670 1854 853 1947 ύπολαβῶν
880 1861 936 1928 καὶ
963 1860 1167 1948 κρατήσαντι

61 2024 69 2055 Ι.
149 1970 190 2056 τή
217 1966 304 2056 μάχη
333 1964 388 2035 διὰ
416 1963 476 2035 τὸν
504 1965 728 2054 ἐφεδρεύοντα
755 1981 824 2046 τοῖς
855 1981 985 2054 καιροῖς
1012 1968 1069 2036 καὶ
1095 1981 1201 2049 τοῖς]

59 2066 62 2071 ’
150 2074 341 2163 πράγμασιν
369 2071 490 2162 άγριον
507 2072 687 2160 τύραννον,
716 2071 904 2159 ἐβουλεύσω
924 2075 1032 2153 καλῶς
1059 2073 1168 2160 μόνον

151 2178 238 2249 εἶναι
270 2178 333 2247 σὸν
370 2180 498 2248 ἐθέλων
529 2178 567 2248 τὸ
598 2179 817 2268 κατόρθωμα,
853 2181 909 2248 καὶ
941 2178 1081 2268 παρήεις
1113 2181 1167 2248 ἐπὶ

59 2312 61 2319 ·
150 2284 188 2355 τὸ
229 2288 321 2375 βῆμα
361 2283 442 2374 μετά
478 2289 539 2354 τού
574 2288 655 2367 τέως
691 2284 930 2374 συνάρχοντος·
973 2285 1091 2375 συνήει
1129 2285 1168 2355 db

151 2388 286 2481 ὁπλίτης
314 2395 418 2481 δῆμος
450 2398 594 2479 στίλβων
621 2406 691 2473 τοϊς
718 2389 846 2478 ὅπλοις,
879 2389 919 2460 τά
947 2392 1026 2479 ξίφη
1055 2390 1167 2478 γυμνά

110 2501 206 2574 οκαὶ
233 2500 274 2568 τά
302 2500 427 2588 δόρατα
446 2506 686 2588 προτείνοντες,
715 2501 812 2589 δειλῷ
831 2497 892 2586 μὲν
920 2501 1085 2586 φρικῶδες
1108 2498 1165 2567 ιιαδ
1179 2527 1207 2568 ιο

59 2683 61 2689 ,
151 2606 265 2675 δεινὸν
301 2608 426 2694 θέαμα,
465 2602 599 2697 εὐψύχῳ
633 2604 670 2674 δέ
707 2606 761 2672 καὶ
794 2606 971 2695 θαρραλέῳ
1004 2606 1060 2673 καὶ
1094 2599 1167 2687 οἷος

151 2709 253 2793 αὐτὸς
280 2714 420 2798 γέγονας
439 2709 560 2799 ὄφελος
579 2724 746 2796 γενναῖον.
784 2708 910 2780 ούκοῦν
938 2709 1051 2798 ἐπειδή
1075 2713 1166 2798 πρῶ-

149 2845 210 2888 τον
241 2815 331 2907 ήρξω
363 2820 431 2885 τῶν
463 2818 587 2904 λόγων,
621 2815 697 2906 σιγή
730 2816 791 2905 μὲν
823 2819 952 2905 ἐπέσχε,
983 2814 1068 2904 πρὸς
1104 2815 1168 2905 τήν

150 2922 256 3012 άκοήν
285 2919 490 3012 ὡρμημένων
513 2923 659 3011 πάντων,
687 2923 724 2994 τὸ
744 2923 944 3013 στράτευμα·
973 2922 1105 3012 δάκρυα
1129 2923 1168 2993 δέ

150 3046 326 3120 προνχεῑτο
359 3039 509 3116 πολλοῖς,
542 3032 598 3099 καὶ
631 3034 664 3111 ἐς
694 3029 755 3100 τὸν
789 3027 937 3119 οὐρανὸν
968 3028 1027 3110 τάς
1054 3044 1166 3119 χεῖρας
1179 3056 1205 3099 ιι

146 3135 291 3227 ’ῶρεγον,
319 3140 397 3227 σιγή
424 3139 602 3206 καὶταῦτα
622 3140 778 3225 δρῶντες,
807 3132 852 3217 ῶς
873 3136 968 3224 μήτις
995 3145 1167 3224 αἴσθηται.

217 3314 481 3402 ἳπροναάλειηΗ]
501 3318 671 3388 προεκάλεις
740 3312 853 3380 ὅτινδς
871 3317 907 3385 V]
925 3314 1036 3379 παντὸς
1095 3322 1166 3372 8σε

116 3391 304 3442 'addiditH
372 3393 552 3456 θαπρακτος
571 3390 599 3439 Μ
626 3389 630 3450 Ι
655 3384 717 3455 τὸν]
743 3380 775 3440 τδ
795 3388 819 3437 V
889 3391 921 3439 10
944 3390 1043 3454 μενεῖν
1061 3385 1098 3453 Η]
1118 3383 1166 3452 μέ·

146 3474 213 3510 νειν
232 3456 236 3525 1
257 3451 331 3524 ἐπαγ
352 3450 503 3524 ελλόμενος
521 3457 546 3505 V
600 3461 630 3508 12
649 3450 861 3521 ἐλαττούμενον
876 3455 936 3506 VM
1006 3456 1038 3506 14
1061 3444 1165 3520 άλλως]

149 3475 784 3592 adme?0K222A36301u0arq'0oecv
854 3526 886 3575 15
907 3522 942 3589 τή
962 3517 1040 3607 μάχη
1059 3520 1168 3601 Vjv'v

149 3588 261 3672 μάχηνἵ
315 3597 346 3645 17
368 3590 488 3660 παρήεις
507 3592 574 3646 Rsk.
594 3599 622 3644 et
639 3591 741 3657 wyttJ
761 3588 876 3655 παριεὶς
945 3594 978 3642 22
1002 3607 1111 3643 οοιιονν
1129 3540 1165 3654 ἐ]

151 3652 280 3714 οωω
349 3652 1064 3726 πωωωωμῶωωωώνωω
1135 3659 1167 3709 ω

148 3721 442 3796 εῶΝΜωΜε
