2416 4290
544 438 680 490 οεεειο
698 438 720 490 1.
1100 438 1143 503 35

117 568 176 637 καὶ
215 564 386 653 θαλάττης
422 562 547 656 άνδρός
574 564 735 655 Ἕλληνος
770 560 889 655 ἡττᾶτο
926 572 1049 653 σοφίας
1084 568 1141 635 καὶ

120 672 237 762 ρῶμης
275 675 487 761 στρατιωτῶν
524 670 566 742 ού
598 675 732 763 τρυφάν
764 672 1028 761 μεμελετηκότων
1060 670 1140 743 οὐδὲ

120 778 317 866 δουλεύειν,
350 775 423 848 ἀλλ’
452 781 638 869 ἐλευθέρως
670 777 833 869 ἄρχεσθαι
861 781 917 847 καὶ
945 794 1062 848 πονεῖν
1094 786 1139 849 εί-

121 886 243 957 δότων.
281 880 358 955 ὁδε
374 899 447 966 ταῖς
464 900 690 973 παρασκευαῖς
717 888 848 955 ἐκείνου
875 888 1141 976 καταδεέστερος,

96 1000 311 1082 εέμπληκτος
344 992 380 1061 δὲ
412 995 541 1079 μᾶλλον
571 995 628 1062 καὶ
660 996 700 1082 τῇ
733 999 837 1081 μανίᾳ
869 990 949 1071 τοὺς
974 988 1141 1074 Ἀλωάδας

121 1095 414 1190 ὑπερβαλλόμενος
445 1099 554 1188 μόνον
581 1096 657 1187 οὐχὶ
689 1098 727 1168 τὸ
756 1106 900 1186 πλησίον
932 1095 1010 1186 ὅρος
1038 1102 1139 1186 ἐγνω-

121 1205 188 1288 κῶς
225 1203 462 1296 ἀμφικαλύψαι
497 1210 538 1295 τῇ
574 1205 683 1293 πόλει,
720 1207 871 1291 ἐπαφιεὶς
908 1204 945 1273 δὲ
982 1208 1141 1293 ποταμῶν

123 1313 272 1403 ῥεύματα
298 1316 354 1381 καὶ
383 1311 423 1381 τά
449 1320 539 1401 τείχη
568 1312 730 1397 διαλύσας
758 1309 839 1382 ούδὶ
867 1309 1055 1399 ἀτειχίστου
1082 1316 1184 1400 τῆςυ

121 1420 250 1501 πόλεως
291 1419 547 1510 περιγενόμενος
588 1426 683 1507 ἔσχεν
724 1416 779 1505 ἐφ’
819 1415 883 1509 ότω
926 1418 1141 1507 σεμνύνηται,

90 1552 111 1591 ιι
122 1526 276 1617 καθάπερ
305 1521 324 1595 ό
343 1528 466 1616 Ξέρξης
482 1541 555 1608 ταῖς
574 1523 734 1614 Ἀθήναις
752 1524 905 1613 ἐμβαλῶν
933 1523 995 1612 τὴν
1022 1526 1141 1613 φλόγα.

122 1633 260 1723 ἐπανῄει
292 1632 330 1701 δὲ
360 1632 527 1723 τεττάρων
558 1636 675 1722 μηνῶν
712 1629 887 1712 άναλῶσας
918 1631 1042 1718 χρόνον
1078 1660 1140 1718 μυ-

122 1739 213 1829 ριάσι
245 1748 385 1820 πολλοῖς
415 1731 516 1829 ἦττον
548 1736 689 1826 άπάγων
715 1737 753 1808 τὸ
782 1738 967 1825 σράτευμα,
994 1739 1050 1805 καὶ
1077 1734 1140 1825 τὴν

122 1840 267 1935 ἡσυχίαν
298 1842 470 1935 ἠγάπησεν
503 1842 521 1915 ὁ
552 1845 704 1936 πρόσθεν
732 1842 901 1933 ἀφόρητος
929 1846 1051 1929 δοκῶν,
1078 1842 1140 1931 τὴν

74 2013 76 2019 .
123 1949 186 2040 σὴν
225 1950 388 2041 ἀσχολίαν
423 1955 480 2022 καὶ
516 1951 578 2041 τὴν
608 1955 679 2021 τῶν
710 1950 788 2039 παρ’
824 1946 904 2040 ἡμῖν
936 1950 1140 2040 πραγμάτων

92 2056 272 2148 οταραχὴν
300 2054 409 2149 ῶσπερ
427 2065 534 2150 ἔρυμα
560 2062 618 2148 τῆς
641 2054 747 2128 αὑτοῦ
774 2058 1047 2148 προβαλλόμενος
1074 2076 1138 2125 σω-

121 2172 245 2255 τηρίας.
282 2170 387 2234 ταῦτα
413 2164 605 2236 καταλιπῶν
632 2168 686 2234 ἐπὶ
713 2169 771 2253 της
787 2162 896 2245 Ἀσίας
923 2163 1064 2254 τρόπαια
1082 2165 1139 2232 καὶ
1158 2196 1192 2243 29

121 2279 230 2359 νίκας,
259 2274 313 2341 ἐπὶ
339 2271 401 2361 τὴν
419 2271 591 2363 Εύρῶπην
618 2269 766 2360 άκμητας
784 2264 862 2359 ἦγες
884 2270 922 2340 τὸ
942 2270 1140 2357 στράτευμα,

122 2377 184 2467 τὴν
209 2381 414 2469 οἰκουμένην
441 2377 576 2449 άπασαν
599 2382 761 2468 ἐμπλῆσαι
780 2384 950 2467 τροπαίων
978 2376 1139 2463 έγνωκῶς.

120 2487 194 2573 ἐμοὶ
228 2485 267 2556 δὲ
298 2484 390 2576 ἤρκει
422 2485 463 2556 τά
494 2486 646 2577 πρόσθεν
683 2487 847 2572 ῥηθέντα,
885 2489 916 2551 εί
945 2484 1001 2550 καὶ
1033 2482 1140 2570 μηδὲν

85 2616 110 2657 ιο
123 2598 171 2660 ἔτι
199 2593 277 2681 περὶ
304 2596 368 2662 σού
395 2594 504 2681 λέγειν
531 2591 623 2681 εἶχον
641 2590 853 2679 σεμνότερον,
880 2587 963 2677 πρὸς
990 2586 1027 2657 τὸ
1055 2588 1138 2657 πάν-

119 2725 189 2769 των
227 2696 404 2788 άποφῆναί
438 2720 475 2769 σε
510 2702 578 2768 τῶν
619 2706 810 2787 ἔμπροσθεν
847 2699 905 2785 τῆς
941 2692 1045 2783 αύτης
1085 2716 1140 2765 σοι

120 2804 356 2893 μετασχόντων
381 2804 484 2896 τύχης
501 2808 635 2875 συνέσει
661 2808 717 2874 καὶ
737 2802 831 2894 ρῶμη
858 2805 1054 2892 κρατοῦντα.
1100 2802 1138 2871 τὸ

121 2911 186 3001 γάρ
214 2909 355 2995 άπαθῶς
382 2910 537 2983 ῶσασθαι
564 2912 625 3001 μὲν
650 2911 713 3000 τὴν
741 2914 884 3000 Περσῶν
911 2910 1068 2998 δύναμιν,
1097 2906 1139 2977 ού

120 3018 222 3087 πόλιν
263 3016 344 3089 ούδὲ
380 3019 562 3111 φρούριον,
599 3016 671 3088 ἀλλ’
711 3015 792 3087 ούδέ
829 3015 1034 3104 στρατιῶτην
1070 3019 1139 3086 τῶν

86 3126 159 3194 ειέκ
185 3124 377 3213 καταλόγου
404 3129 601 3217 προέμενον,
627 3131 803 3215 πολιορκίᾳ
827 3123 863 3192 δὲ
891 3125 983 3204 τέλος
1011 3125 1179 3201 ἐπιθῶ-Β

121 3258 178 3301 ναι
205 3230 360 3323 λαμπρὸν
378 3234 434 3302 καὶ
452 3226 527 3301 οἷον
552 3230 645 3301 ούπω
664 3232 816 3321 πρόσθεν
843 3227 1044 3318 ἠκούσαμεν,
1072 3236 1138 3298 τίνι

122 3334 183 3428 χρὴ
216 3341 287 3408 τῶν
318 3345 512 3429 ἔμπροσθεν
543 3345 750 3426 παραβαλεῖν
782 3343 905 3428 ἔργων;
942 3335 1138 3425 περιβόητος

122 3447 261 3533 γέγονεν
289 3441 310 3534 ἡ
337 3451 583 3537 Καρχηδονίων
611 3447 647 3513 έν
675 3460 745 3526 τοῖς
773 3450 897 3525 δεινοῖς
923 3442 1038 3530 τόλμα,
1066 3437 1133 3509 ἀλλ’

190 3613 265 3695 Ίτη
285 3609 370 3669 πόλει
393 3634 444 3669 om
463 3618 488 3667 V
561 3614 688 3697 8τείχη
703 3614 740 3681 V]
749 3613 843 3695 χείλη
912 3602 1087 3692 θσεμνύνοι
1090 3628 1137 3662 ται

123 3684 159 3765 Μ,
176 3679 420 3764 οεμυύνοηταιθ.
445 3685 506 3735 Ηοο
518 3684 580 3736 Ιοοο
599 3672 757 3748 σεμνύνοιτ’
779 3673 817 3734 άν
835 3686 862 3730 et
874 3682 939 3731 25ss
958 3677 1093 3743 οεμνύνοι
1096 3676 1136 3731 π’

124 3722 269 3831 άύωελίιυ
333 3756 365 3805 15
383 3743 476 3804 αύτοῦ
494 3752 553 3804 VM
615 3748 730 3813 2οπερλ
749 3765 801 3803 σου
806 3747 888 3826 VM]
908 3747 977 3815 περί
964 3762 1044 3798 σιου
1104 3751 1136 3797 22

127 3812 301 3888 μετεχόντων
320 3821 350 3872 Μ
417 3823 452 3872 24
470 3826 499 3871 et
516 3822 550 3872 25
567 3818 624 3871 τῶν
642 3813 674 3871 ἐκ
691 3815 763 3885 VM]
783 3808 884 3869 τὸνέκ

890 3904 931 3962 3*
