2416 4290
550 358 683 412 onmo
702 359 725 413 1.
1102 358 1145 423 23

120 492 205 574 έχων
238 485 480 575 (πεντήκοντα)
512 500 610 572 μναῖς
642 491 778 558 ἔλαττον
809 482 959 574 ἠγάπησε
992 485 1055 575 δή,
1087 489 1143 556 καὶ

119 595 243 682 μικροῦ
276 595 449 674 παντελῶς
476 588 641 682 ἀργυρίου
672 589 735 679 τὴν
767 589 852 681 πρὸς
884 594 1032 675 ἐκείνους
1064 588 1143 681 ὁμό-

120 726 220 768 νοιαν
249 695 552 787 ἀνταλλαξάμενος,
585 701 733 767 ἐπαίνων
761 694 804 767 ἀν
831 698 938 769 ἐδόκει
966 701 1021 769 καὶ
1049 703 1183 789 τιμῆςο

120 801 214 887 ἀξιος
248 800 293 886 ῶς
324 804 502 894 χρημάτων
537 810 715 892 κρείττων,
753 799 797 885 ῶς
834 802 996 892 εὔβουλος
1031 805 1144 894 φύσει,

94 910 297 992 ιξυνελόντι
325 911 362 980 δὲ
389 917 511 997 είπετν,
545 907 589 992 ῶς
615 908 716 992 καλὸς
747 908 906 997 κάγαθός.
948 907 965 980 ὁ
994 911 1030 981 δὲ
1059 908 1144 999 ὑπὲρ

120 1021 180 1106 τῆς
207 1020 277 1086 τῶν
305 1015 394 1088 ὅλων
422 1015 524 1107 ἀρχῆς
552 1014 640 1086 οὕτω
664 1017 904 1105 μεγαλοψύχως
927 1019 983 1086 καλ
1007 1019 1143 1107 σωφρό·

122 1151 191 1205 νως
218 1126 334 1207 δοκῶν
360 1126 622 1211 βεβουλεῦσθαι,
650 1119 695 1204 ῶς
721 1121 782 1193 τόν
806 1122 867 1212 μὶν
891 1126 927 1192 ἐκ
951 1127 1009 1211 τῆς
1034 1126 1143 1212 ἐπιμε-

122 1236 215 1311 λείας
247 1225 338 1322 αύτῶ
370 1236 504 1319 μείζονα
536 1228 580 1319 μὴ
612 1240 813 1317 προσθεῖναι
846 1229 973 1316 πόνον,
1006 1233 1073 1299 τῶν
1106 1230 1143 1299 δλ

123 1341 160 1407 έκ
192 1339 253 1424 τῆς
285 1333 387 1426 ἀρχῆς
423 1335 603 1426 προσόδων
634 1333 720 1405 ἕκῶν
752 1331 915 1423 ὑφίεσθαι
947 1332 1030 1424 ύπδρ
1064 1332 1143 1425 ὁμο-

83 1473 109 1513 ιο
123 1449 220 1525 νοίας
242 1444 299 1512 καλ
321 1445 379 1532 τῆς
401 1440 484 1533 πρὸς
507 1439 670 1530 ἀλλήλους
688 1437 859 1530 Ῥωμαίων
878 1439 1036 1511 ἀπόντων
1055 1443 1143 1531 είρή-

122 1577 200 1638 νης,
228 1548 346 1620 πόσων
373 1551 521 1618 ἐπαίνων
549 1546 643 1630 ἀξιον
670 1563 779 1635 κρινεῖ
803 1576 866 1629 τις;
895 1546 938 1618 ού
965 1546 1032 1637 μὴν
1060 1546 1187 1619 ούδλῦ

89 1648 97 1659 ’
123 1659 233 1726 έκεῖνο
253 1657 361 1743 λέγειν
380 1661 509 1724 ἔνεστιν
527 1657 691 1741 ἐνταῦθα,
715 1649 759 1736 ῶς
781 1657 890 1735 καλῶς
912 1656 989 1743 μέν,
1013 1651 1143 1744 ἀ(λυσι-

123 1764 227 1843 τελῶς
248 1761 313 1851 δέ’)
343 1760 510 1842 λυσιτελές
527 1759 588 1849 μὲν
607 1758 672 1850 μάρ
691 1757 811 1848 ούδέν,
835 1758 870 1846 ό,
888 1788 920 1828 τι
938 1759 983 1849 μὴ
1002 1759 1040 1829 τὸ
1061 1757 1143 1830 αύτὸ

123 1869 180 1937 καὶ
212 1867 333 1955 καλόν,
366 1873 477 1956 ἔμοιγε
509 1874 673 1954 φαίνεται.
719 1864 804 1948 ὅλως
836 1866 873 1935 δὲ
905 1875 939 1937 εί
966 1893 1033 1936 τινι
1065 1864 1141 1936 καθ’

87 2001 111 2043 ιε
125 1971 210 2044 αύτὸ
238 1973 275 2043 τὸ
306 1974 482 2063 συμφέρον
509 1973 668 2057 ἐξετάζειν
696 1978 802 2060 δοκεῖ,
830 1975 969 2061 κρινέτω
992 1971 1036 2063 μὴ
1060 1972 1145 2063 πρὸς

125 2079 289 2172 ἀργύριον
322 2082 457 2150 σκοπῶν
488 2079 571 2168 μηδὲ
607 2079 799 2167 προσόδους
814 2088 819 2097 “
833 2086 966 2167 χωρίων
998 2076 1141 2168 ἀπαριδ-

124 2187 307 2276 μούμενος,
334 2185 486 2274 καθάπερ
516 2191 551 2255 οί
575 2186 777 2275 φιλάργυροι
805 2188 958 2275 γέροντες
985 2181 1051 2255 ὑπὸ
1075 2189 1143 2255 τῶν

124 2296 299 2387 κωμφδῶν
327 2294 380 2361 ἐπὶ
407 2290 469 2381 τὴν
496 2290 625 2380 σκηνὴν
658 2292 844 2380 ἑλκόμενοι,
877 2289 961 2360 ἀλλά
994 2290 1078 2380 πρὸς
1103 2290 1142 2362 τὸ

124 2402 268 2489 μέγεθος
295 2402 353 2488 τῆς
380 2395 483 2488 ἀρχῆς
506 2400 561 2467 καὶ
584 2397 646 2487 τὴν
669 2395 815 2479 ἀξίωσιν.
856 2401 1059 2485 φιλονεικῶν
1082 2398 1143 2486 μὲν
1161 2414 1188 2467 8<

87 2506 190 2595 ωγάρ
218 2502 303 2595 ύπλρ
329 2508 398 2574 τῶν
422 2501 526 2593 ὁρίων
549 2506 604 2574 καὶ
633 2507 807 2592 δυσμενῶς
830 2509 916 2591 ἔχων
939 2505 1077 2572 ἐκείνων
1100 2500 1143 2574 ἀν

124 2605 204 2703 ἦρξε
236 2612 351 2700 μόνων
384 2602 432 2680 ῶν
464 2617 595 2700 ἔλαχεν,
632 2618 664 2681 εί
693 2611 748 2679 καλ
780 2611 882 2679 πλέον
915 2615 1000 2698 ἔχων
1032 2607 1143 2701 ἀπῄει

124 2716 303 2809 ὑπερορῶν
326 2717 364 2789 δέ
385 2721 454 2787 τῶν
476 2722 605 2807 μικρῶν
627 2719 683 2787 καλ
705 2716 964 2804 καταφρονήσας
985 2708 1065 2806 ἦρχε
1083 2716 1145 2806 μὶν

126 2823 258 2913 ἀπάσης
289 2823 369 2914 μετὰ
401 2829 469 2895 τῶν
502 2822 659 2913 ἀδελφῶν
690 2826 749 2911 τῆς
781 2825 998 2912 οἰκουμένης,
1031 2826 1143 2912 ἐπεμε-

126 2942 214 3002 λεῖτο
239 2931 276 3001 δὲ
298 2935 360 3001 τού
382 2931 542 3020 λαχόντος
563 2933 700 3018 μέρους,
728 2926 909 2998 ἀπολαύων
936 2929 997 3018 μὲν
1020 2938 1144 3012 τελείας
1179 3012 1185 3021 ¹

87 3064 112 3106 τι
126 3043 185 3127 τῆς
212 3041 323 3127 τιμῆς,
351 3040 496 3126 μετέχων
519 3036 556 3106 δὲ
580 3043 717 3105 ἔλαττον
739 3039 808 3104 τῶν
835 3032 881 3105 ἐπ’
912 3033 996 3127 αὐτῇ
1019 3037 1144 3106 πόνων.

197 3193 210 3241 1
229 3181 410 3266 πεντήκοντα
428 3192 514 3254 μναῖς
532 3189 599 3240 Rsk.
613 3193 641 3240 et
653 3187 788 3265 Cobetuq]
806 3186 898 3269 μνάςΙ
919 3186 967 3256 δὴ]
986 3183 1019 3241 δὲ
1034 3191 1064 3244 V.
1091 3190 1145 3240 Pro

127 3255 165 3324 δὴ
184 3255 234 3309 καλ
253 3257 345 3308 malim
364 3254 440 3319 αντλ,
459 3256 526 3307 Rsk.
546 3249 661 3322 φαύλου
680 3261 742 3323 post
758 3271 891 3324 ηχαπηοε
904 3257 1044 3308 excidisse
1062 3262 1145 3323 putat

127 3318 175 3378 ὅό
196 3320 229 3377 δὲ
248 3321 285 3391 V]
310 3316 392 3390 ὃδὴ.
428 3324 573 3375 Reiskius:
597 3324 697 3390 „Lege
719 3317 770 3375 τὸν
794 3318 829 3376 δὲ
853 3330 881 3374 et
904 3325 987 3390 paulo
1009 3330 1072 3389 post
1095 3321 1145 3374 δο-

128 3390 265 3447 κούντα“.
302 3393 339 3442 At
356 3391 391 3441 de
408 3393 579 3443 nominativo
597 3392 652 3442 vid.
671 3392 706 3442 ad
724 3393 805 3444 20οΒ
825 3396 853 3442 et
871 3392 954 3443 8292&
1022 3393 1038 3441 8
1064 3383 1145 3457 αύτῷ

129 3459 259 3540 Βουκολχ
271 3453 352 3527 αύτῷ
367 3459 372 3523 Ι
385 3452 426 3590 χιὴ
447 3459 508 3510 αδδ.
526 3461 559 3512 V.
583 3460 639 3510 vid.
658 3461 724 3511 20A
794 3461 825 3510 11
843 3462 941 3525 κρινεῖ
956 3454 1031 3521 Rak]
1052 3456 1145 3520 κρίνει

130 3532 161 3579 12
188 3530 262 3593 καλη
290 3527 348 3578 VM
427 3517 599 3586 ἀλυσιτελῶς
627 3521 673 3579 δὲ·
711 3522 856 3586 λυσιτελὲς
887 3527 948 3576 Pet.
977 3529 1005 3573 et
1039 3521 1142 3592 λόγου]

130 3589 293 3654 ἀλυσιτελές
381 3596 509 3645 140t15
538 3589 609 3646 καθ’
636 3587 711 3647 αύτῶ
734 3596 759 3646 V
866 3595 896 3643 16
927 3585 966 3658 μή
995 3586 1028 3642 δὲ
1056 3608 1144 3659 προσ-

130 3661 216 3723 όδους
234 3658 305 3729 VM]
330 3656 369 3728 μή
392 3657 551 3727 προσόδους
637 3665 673 3714 20
695 3661 751 3715 δυσ
774 3658 842 3719 ενῶς
879 3652 934 3711 δύο
955 3653 1008 3724 μὲν
1032 3650 1068 3718 ῶς
1086 3661 1145 3711 VM

131 3733 161 3782 21
184 3723 273 3795 ἀπείη
292 3732 318 3782 V
386 3731 419 3780 22
442 3723 476 3781 δὲ
499 3728 556 3782 τῶν
578 3728 687 3796 μικρῶν
709 3679 812 3792 καλν]
859 3723 939 3780 λκαλ
963 3724 1019 3777 τῶν
1036 3726 1146 3793 μικρῶν
