2416 4290
104 578 143 643 18
403 578 549 631 IULIANI
565 577 814 633 IMPERATORIS

104 704 260 796 εὐπορεῖν
288 704 344 775 διόι
363 707 430 774 τῶν
457 705 573 775 πόνων
600 702 668 774 τῶν
686 729 769 793 προς
796 702 857 794 τὴν
875 710 991 796 χρείαν
1015 703 1119 794 ιἰναγ-

63 818 225 900 οκαίων,
257 810 295 882 τὸ
323 814 411 902 δρόιν
437 837 469 880 τι
496 813 565 881 τόν
592 812 789 881 δοκούντων
817 814 964 899 αἰσχρῶν
992 809 1120 900 όιπαγο-

103 920 265 1008 ρεύοντες.
310 915 348 987 τὸ
376 916 414 987 δέ
441 909 500 1005 ἦν,
528 915 571 986 ού
597 915 659 1007 τὴν
691 920 876 1005 ἐπιθυμίαν
902 920 1024 1000 ἐξελεῖν
1052 922 1121 988 τῶν

103 1029 200 1113 νέων,
229 1022 311 1094 ιἰλλόι
338 1023 375 1094 τὸ
404 1033 524 1094 λαθεῖν
542 1026 724 1113 πειρᾶσθαι
752 1026 876 1111 ίδριῖιτα
894 1025 1120 1115 προστάττειν.

102 1136 232 1220 πέφυκε
259 1129 323 1219 γόιρ
343 1127 385 1200 ού
411 1129 523 1219 τρυφὴ
548 1131 655 1218 μόνον
682 1122 767 1218 ἦθος
795 1135 1017 1218 διαφθείρειν,
1037 1128 1149 1201 ιἰλλόιε

103 1240 159 1308 καί
186 1234 207 1327 ἡ
234 1240 303 1306 τῶν
331 1234 524 1324 ἀναγκαίων
552 1234 669 1324 ἐνδεὴς
700 1242 826 1322 δίαιτα,
858 1233 913 1324 ἐφ’
944 1228 993 1306 τόν
1026 1235 1120 1307 ούπω

103 1342 140 1414 τὸ
173 1350 303 1432 κρίνειν
336 1339 353 1412 ό
387 1343 485 1429 λόγος
516 1340 718 1430 προσλαβόν
750 1344 860 1411 ἕπεται
891 1357 965 1424 ταῖς
996 1350 1122 1434 χρείαις

103 1447 169 1520 ὑπὸ
196 1452 255 1537 τῆς
286 1452 467 1537 ἐπιθυμίας
499 1445 779 1538 ἀναπειθόμενος,
813 1445 920 1531 ἄλλως
946 1475 981 1518 τε
1008 1455 1040 1519 εί
1065 1451 1121 1519 καὶ

59 1557 227 1629 Βτούτου
260 1553 303 1644 μὴ
337 1560 474 1643 κρατοίη
502 1557 564 1623 τού
595 1555 744 1642 πόθους,
776 1553 860 1643 πρὸς
891 1554 1121 1646 χρηματισμὸν

105 1666 141 1732 ἐκ
159 1664 292 1731 παίδων
310 1660 568 1749 συνεθιζόμενος
586 1667 645 1730 καί
668 1688 761 1743 τινας
780 1658 922 1749 ύμοιβόις
949 1665 1120 1750 ἐμποριῶν
1133 1690 1160 1731 ιο

104 1770 160 1838 καὶ
192 1772 372 1856 καπηλείας
407 1765 466 1848 τόις
497 1766 558 1856 μὲν
590 1764 692 1849 αὐτὸς
724 1763 835 1858 εύριδν
870 1766 929 1849 τόις
962 1768 999 1837 δέ
1031 1767 1122 1857 παρόι

103 1878 172 1944 τιόν
200 1874 339 1944 είδότων
366 1873 498 1962 μαθύν,
526 1869 610 1962 ὑπὲρ
634 1865 682 1943 τόν
706 1870 749 1943 ού
770 1874 878 1961 λέγειν
905 1874 1022 1962 μόνον,
1051 1872 1119 1945 ἀλλ’

106 1978 186 2050 ούδέ
224 1977 361 2050 ἀκούειν
401 1978 497 2062 όίξιον
534 1981 699 2072 ἐλευθέρῳ
736 1984 846 2068 παιδί,
886 1987 1041 2063 πλείστας
1078 1977 1122 2050 ι’λυ

104 2093 243 2175 κηλῖδας
278 2086 481 2156 ἐναπόθοιτο
517 2088 558 2175 τῇ
593 2090 700 2176 ψυχῇ,
738 2078 786 2155 ιόν
817 2088 935 2156 παστόν
966 2085 1121 2178 καθαρὸν

105 2192 192 2263 εἶναι
219 2191 281 2282 χρὴ
309 2193 364 2262 καὶ
391 2191 452 2262 τὸν
479 2194 603 2280 ἐπιεικῆ
626 2198 776 2282 πολίτην,
804 2190 871 2263 ἀλλ’
902 2190 944 2262 ού
971 2192 1032 2263 τὸν
1060 2201 1120 2281 βα·
1135 2218 1162 2261 ιε

106 2300 198 2368 σιλέα
230 2300 286 2368 καί
319 2296 506 2389 στρατηγὸν
537 2298 652 2387 μόνον.
698 2300 770 2388 ἐμοὶ
803 2299 841 2368 δέ
873 2296 936 2368 οὐκ
969 2302 1121 2389 ἐπιτιμᾶν

25 2392 87 2479 Ι16
107 2406 160 2475 ἐπί
187 2409 249 2474 τοῦ
276 2404 443 2493 παρόντος
466 2407 606 2486 ἐκείνοις
623 2404 795 2494 προσήκει·
825 2409 922 2487 δείξω
951 2404 988 2475 δέ
1015 2406 1122 2495 μόνον

105 2514 164 2601 τῆς
192 2514 376 2600 διατροφῆς
392 2509 430 2580 τὸ
459 2514 634 2600 διαφέρον,
662 2503 908 2601 ᾖχρησύμενος
935 2512 1047 2582 κάλλει
1065 2513 1120 2582 καλ

107 2617 201 2708 ριόμη
228 2619 284 2688 καὶ
308 2617 507 2707 δικαιοσύνη
534 2619 591 2687 καί
614 2618 820 2707 σωφροσύνη
849 2616 1036 2707 διήνεγκας,
1064 2617 1121 2689 διόι

106 2724 167 2813 μέν
194 2727 262 2793 τῶν
293 2724 409 2793 πόνων
435 2722 498 2811 τὴν
530 2721 660 2805 εὐεξίαν
692 2724 965 2812 περιβαλόμενος,
998 2724 1055 2794 διόι
1083 2724 1121 2795 δέ
1135 2752 1163 2793 ιο

91 2833 175 2899 ’τόν
197 2831 317 2918 ’νόμων
343 2828 406 2918 τὴν
433 2830 662 2918 σωφροσύνην
679 2829 893 2919 κτησόμενος,
920 2832 976 2900 καὶ
995 2835 1041 2924 τῷ
1060 2831 1122 2920 μὲν

108 2936 234 3024 σύματι
262 2936 504 3028 ρωμαλεωτέρςο
533 2935 589 3004 διόι
608 2935 670 3024 τὴν
697 2937 891 3027 ἐγκράτειαν
917 2939 976 3026 της
1002 2941 1121 3027 ψυχῆς,

106 3047 146 3132 τῇ
174 3044 265 3131 ψυχῇ
293 3038 324 3110 δ’
355 3033 399 3110 αὖ
427 3040 484 3110 διόι
511 3040 572 3129 τὴν
599 3044 661 3111 τοῦ
688 3042 838 3131 σώματος
865 3049 1043 3134 καρτερίαν
1071 3049 1121 3114 δι-

107 3148 261 3239 καιοτέρα
288 3147 467 3236 χριόμενος,
494 3147 534 3216 τὰ
553 3148 614 3237 μὲν
641 3149 830 3237 ἐκφύσεως
852 3147 967 3237 ἆγαθόι
994 3150 1122 3220 συναύ-

108 3258 174 3336 ξων
202 3258 238 3323 ἐκ
264 3254 402 3343 παντός,
433 3252 474 3323 τὰ
503 3254 541 3323 δέ
572 3270 644 3337 ταῖς
676 3258 874 3344 ἐπιμελείαις
906 3258 1034 3338 ἔξωθεν
1066 3255 1119 3327 ἆεὶ
1133 3282 1160 3327 τε

65 3378 90 3432 Β
108 3360 388 3450 προσλαμβάνων·
416 3361 472 3430 καὶ
490 3361 686 3450 ἐνδεόμενος
708 3361 769 3450 μὲν
788 3359 939 3450 ούδενός,
967 3365 1123 3454 ἐπαρκῶν

108 3466 140 3537 δ’
170 3465 281 3550 ἄλλοις
308 3469 364 3537 καί
391 3466 603 3557 χαριζόμενος
635 3468 778 3558 μεγύλας
806 3468 933 3560 δωρεὰς
959 3471 1016 3539 καὶ
1045 3467 1123 3540 ὅσαι

174 3625 191 3672 4
208 3621 261 3673 τού
274 3622 385 3701 ,λαθεῖν
403 3622 515 3673 Schaef.
552 3623 591 3700 ,ὅ
609 3613 642 3673 τό
660 3608 737 3688 ἦθος
756 3622 864 3708 Schaof.
926 3623 958 3673 10
977 3614 1122 3691 ἐμποριῶν

107 3687 192 3816 λιιι
207 3681 686 3836 ἐαιγιιλεί’λιιιλι
713 3688 1123 3839 λιιιωηιιιιι

108 3827 141 3875 20
158 3823 385 3891 περιβαλομενος
402 3823 480 3892 Rsk]
497 3823 740 3959 πρριβαλλομενος
809 3828 840 3876 21
859 3823 1050 4015 κτησαμινοςχ
1069 3842 1122 3878 κα·

108 3888 322 3973 ταχρησύμενος
344 3893 369 3943 V
441 3895 475 3946 23
499 3909 536 3944 αυ
574 3880 664 3972 αρἰθις
685 3893 714 3942 Μ
783 3896 816 3944 24
838 3887 952 3959 φύσεως
973 3893 1032 3944 VM
1069 3890 1122 3959 τῆς

107 3973 222 4025 φυοεως
273 3962 306 4011 26
322 3953 494 4028 ἐνδεόμενος
503 3959 540 4028 Η]
552 3959 698 4028 δεομενος.
720 3961 775 4013 οἰδ.
785 3961 820 4013 εδ
831 3963 913 4014 1251)
966 3959 1036 4012 λλδ
1063 3962 1121 4015 VM
