2416 4290
167 391 245 454 ‘122
561 407 729 454 nnnnnnn.

183 559 376 630 Apostolorum
398 576 422 615 o.
444 562 488 630 28,
499 559 596 630 refero,
610 576 642 615 ao
658 557 773 630 proinde
790 559 829 614 ita
841 558 926 614 vario.
965 558 1031 619 Θεος
1043 579 1069 613 α.
1083 558 1107 614 δ.
1133 552 1134 556 ’

184 671 222 711 oar
234 668 278 702 νυν
291 667 383 719 porros
397 647 498 718 Θηριου
511 648 703 716 καταδηχθεις.
739 646 851 701 Paullus
862 646 999 715 nimirum,
1014 645 1108 715 viperd

184 737 216 790 nd
229 752 341 791 manum
354 736 497 806 applicato,
512 736 584 796 εδοξε
597 733 785 791 Melitensibns
802 754 905 808 persor:
926 734 1031 804 deinde,
1046 751 1107 789 oum

185 824 281 894 Θηριον
298 824 404 892 integer
425 823 593 891 excussisset,
614 825 687 879 Θεοε.
732 823 793 878 Hoo
813 825 910 893 Θηριον
927 821 964 877 M.
985 821 1051 876 Ant.
1072 821 1108 876 ad

183 910 280 964 vitium
292 910 432 966 moraliter
445 911 491 964 hio
503 909 709 964 transfert-ita
721 915 885 965 constatior
897 930 973 964 ανακ.
1010 908 1044 962 ln
1055 907 1107 963 hdo

183 1016 212 1053 re
231 999 339 1070 orites,
362 999 452 1071 quoad
473 999 565 1070 verbe,
590 1002 689 1071 Θηριον
707 1023 753 1056 και
765 1007 885 1069 neonae<
901 999 974 1053 idem
994 1004 1058 1052 sunt
1075 1015 1107 1053 oo

182 1089 269 1144 idem:
288 1088 383 1160 Itaque
396 1089 586 1144 emendatione
607 1097 696 1157 egent.
733 1088 818 1144 Istam
832 1105 898 1144 vero
915 1089 939 1142 si
955 1088 1014 1159 quis
1026 1087 1107 1157 longo

182 1179 296 1248 petitam
315 1195 347 1233 ao
364 1180 519 1250 παραδοεον
536 1184 636 1247 oenset,
650 1179 733 1234 velim
751 1178 959 1248 animadvertet,
973 1178 1033 1232 haeo
1049 1182 1107 1231 tem

183 1265 295 1319 nudeoia
306 1281 339 1320 ao
353 1267 369 1295 “
381 1264 506 1320 ardentia
518 1265 603 1320 verba
612 1263 628 1294 ”
640 1264 764 1321 Marcum
774 1266 809 1321 Δ.
830 1282 887 1320 non
899 1264 933 1320 de
945 1281 994 1320 sno
1007 1268 1035 1318 et
1052 1265 1108 1333 pri·

185 1355 267 1408 roario
287 1353 634 1423 significasse-abhorrent
650 1356 724 1409 enim
743 1373 761 1410 a
782 1355 898 1424 simplici
915 1355 974 1425 ejus
990 1353 1107 1408 dictione

184 1457 215 1494 ao
226 1440 419 1508 ingenio-sed
438 1439 597 1511 derivative,
611 1442 654 1496 vel
677 1444 701 1497 si
720 1446 813 1513 mavis,
825 1443 947 1498 relative.
983 1441 1034 1495 Est
1045 1458 1106 1511 pro-

183 1527 254 1581 ieotd
267 1526 357 1597 aliqua
369 1527 544 1582 relatio-vel
556 1528 702 1599 Historioa,
716 1531 763 1584 vel
773 1530 891 1600 Poetioa,
906 1529 951 1583 vol
971 1530 1005 1584 ed
1023 1529 1107 1599 quod·

183 1615 224 1669 vis
236 1615 316 1670 aliud.
353 1615 487 1682 Quanam
505 1617 570 1670 vero
583 1616 636 1672 alia
652 1619 751 1673 relatio
770 1635 852 1689 quem
872 1619 926 1673 ista
943 1618 1031 1680 Paulli
1043 1635 1106 1673 oon-

182 1703 269 1772 gruitt
305 1703 421 1773 Aptiore
442 1703 591 1773 oompertd,
609 1704 680 1759 hano
697 1705 832 1762 dimisero.
874 1705 935 1761 Neo
956 1711 1056 1775 tamen,
1076 1710 1107 1759 ut

182 1790 304 1860 probam,
318 1791 447 1853 αυθαδως
458 1789 488 1844 in
505 1793 614 1845 textum
631 1791 730 1848 trudo:
750 1797 911 1862 tentemus
928 1791 1111 1863 probabilem

182 1869 304 1949 propono
321 1877 489 1950 eandemque
507 1879 725 1937 notabilem-nt
737 1888 803 1953 pote
816 1899 876 1952 quae
888 1882 1003 1936 interest
1023 1881 1063 1934 rei
1075 1897 1107 1935 ao

182 1966 303 2021 historia
315 1964 487 2020 Onristianae.

235 2052 305 2108 Soet.
318 2053 361 2107 lo,
380 2050 448 2107 Post
460 2055 584 2108 απλωσον
596 2070 647 2122 pro
659 2075 770 2110 σεαυτον
781 2057 799 2111 l.
814 2055 931 2112 docooor.

234 2141 305 2196 Soet.
318 2141 360 2194 21.
379 2138 447 2194 Post
458 2160 587 2209 γενομενα
598 2141 617 2195 l.
630 2161 658 2195 εν
669 2140 755 2197 ἆυτον
764 2160 842 2218 pepp.

235 2228 305 2283 Soet.
319 2229 362 2281 24.
380 2225 449 2281 Post
461 2246 564 2292 ycrsrot
576 2244 627 2297 pro
638 2229 736 2294 ταχυΙ.
750 2252 790 2285 m
801 2229 943 2301 βραχυνθΙ
957 2249 1043 2294 remor.

235 2314 308 2369 Soet.
322 2317 365 2368 26.
383 2313 440 2369 Pro
452 2335 539 2369 εκεινω
550 2314 649 2370 melius
660 2334 789 2387 προτερω.

235 2401 306 2456 Soet.
320 2402 363 2455 35.
382 2400 437 2454 Pro
451 2399 495 2464 ὧςε
508 2399 526 2454 l.
540 2422 637 2473 φυσεως
649 2423 686 2456 τε.
724 2402 791 2457 Post
805 2401 941 2468 ὗνιεςατον
952 2400 971 2452 l.
990 2421 1015 2459 rc
1032 2417 1073 2449 1⁰²

184 2508 233 2542 ow.

235 2575 294 2630 Lib.
308 2575 339 2629 Ε.
358 2572 430 2629 Soet.
443 2576 469 2630 2.
495 2574 562 2630 Post
581 2573 705 2652 ddorlq‘p
728 2593 874 2646 πορειυμαι
892 2574 1025 2628 edomantes
1044 2589 1078 2623 κα

94 2696 97 2700 -
184 2676 295 2733 oporto·
312 2677 362 2731 pro
374 2681 457 2732 μονον
469 2664 565 2734 evason
577 2662 595 2717 l.
609 2684 650 2718 ετι
662 2683 707 2718 ουν
718 2660 847 2734 scopendo.

28 3912 112 3992 h

237 2747 307 2804 Soet.
320 2748 346 2806 7·
364 2748 431 2803 Post
444 2769 623 2821 αυταρκουσης
634 2767 686 2820 pro
698 2769 750 2821 γαρ
762 2749 780 2804 l.
794 2746 894 2821 γάρα.
927 2799 930 2806 .

237 2835 307 2890 Soet.
322 2839 363 2891 12.
382 2835 438 2891 Pro
450 2858 574 2892 τοιαυται
586 2837 605 2890 l.
619 2839 755 2902 λονιςικαι.

237 2925 308 2980 Seol.
322 2927 365 2981 16.
383 2926 439 2982 Pro
451 2928 530 2994 λογον
543 2950 566 2981 κ.
576 2948 601 2980 τ.
614 2927 636 2978 λ.
649 2925 667 2979 l.
680 2949 713 2981 το
724 2925 900 2999 λογικονὴμίν
912 2938 1004 2986 everto·
1017 2944 1108 2978 οικειο·

185 3033 264 3068 tarot
278 3033 324 3066 ουν
337 3020 491 3084 euriporum.

238 3099 309 3155 Seot.
322 3100 366 3157 lt.
384 3098 453 3153 Post
462 3118 597 3170 χρωμενον
609 3114 660 3168 pro
672 3121 752 3155 τουτο
764 3099 782 3154 l.
796 3119 928 3171 κρατιςον.

238 3189 309 3245 Seot.
322 3191 365 3243 21.
384 3188 452 3243 Post
473 3209 578 3260 μοριοις
597 3190 616 3244 1.
636 3209 731 3259 αυτων,
747 3188 876 3242 omissum
892 3203 949 3255 pne
970 3184 1049 3255 simil,
1068 3200 1109 3237 se-

187 3277 293 3345 quentis
306 3275 379 3332 ὁταν.
495 3337 497 3341 y

239 3364 309 3420 Soet.
322 3367 366 3420 23.
384 3363 453 3419 Post
465 3386 570 3435 κινησον
580 3366 599 3421 l.
613 3386 667 3421 ουν.

239 3452 311 3507 Soet.
324 3452 367 3511 27.
385 3451 454 3508 Post
466 3474 543 3508 κεναν
554 3453 573 3509 l.
589 3452 615 3508 ὁι
629 3473 708 3507 aoros
721 3451 789 3508 doro
801 3469 862 3521 περι
883 3469 945 3503 urso
957 3466 1110 3518 περιμανεις

187 3541 244 3596 root.
283 3545 308 3594 T
307 3547 319 3595 t
329 3562 375 3596 ουν
387 3563 419 3597 ου
431 3561 489 3615 περ.

240 3628 311 3684 Seot.
324 3631 367 3683 28.
385 3628 441 3683 Pro
454 3631 568 3685 rossam
579 3631 597 3688 l.
612 3633 723 3687 mooun·
743 3629 841 3683 metm
854 3629 888 3697 dr,
903 3648 963 3694 says.

240 3714 312 3771 Soet.
325 3718 369 3772 22.
388 3714 445 3771 Pro
457 3738 528 3772 κατα
539 3719 558 3773 l.
571 3738 648 3790 παρα
660 3721 724 3790 pol.

240 3801 298 3857 Lib.
313 3825 334 3864 ς.
352 3801 423 3858 Seot.
438 3806 462 3857 2.
482 3803 537 3860 Pro
550 3808 656 3861 αλλοιον
668 3805 686 3861 l.
701 3809 825 3860 αλλοτων
837 3825 882 3860 sm
894 3811 961 3876 βιον.
993 3803 1100 3873 Sequen
