2416 4290
72 39 1134 267 —J

552 356 690 409 onfflo
708 358 731 413 1.
1131 360 1153 425 3

130 480 257 565 αὑτοὺς
300 481 474 565 ἐπιδόντες
513 486 580 553 τῶν
625 484 778 574 πράξεων
818 482 934 574 ἀρκεῖν
979 483 1153 579 ᾠήθησαν,

129 598 162 662 εί
186 590 321 659 τούτων
347 591 408 677 τῆς
434 586 528 671 ἀξίας
553 589 599 679 μὴ
628 591 851 679 διαμάρτοιεν.
891 590 987 674 ἀξιον
1014 593 1051 663 δὲ
1071 592 1152 681 ἀγα-

131 710 216 769 σθαι
231 694 297 784 τήν
324 702 521 785 προθυμίαν
539 700 608 765 τῶν
636 695 772 787 ἀνδρῶν
790 694 958 785 ἀπάντων,
986 696 1062 770 όσοι
1083 704 1154 771 τόν

131 810 202 876 σοῖν
230 806 383 873 έπαίνων
409 799 549 890 ῆψαντο.
583 808 619 872 ολ
643 804 705 892 μὲν
732 804 806 892 γάρ,
835 802 926 887 ὅπως
952 807 1058 894 μηδὲν
1086 804 1152 879 ὑπό

107 915 192 983 5τοῦ
223 910 352 999 χρόνον
384 912 453 978 τῶν
487 930 541 979 σοι
571 913 791 999 πραχθέντων
823 909 1059 1001 ἀμαυρωθείη,
1090 913 1153 985 τόν

134 1020 291 1107 μέγιστον
319 1012 489 1085 ὑποδῦναι
515 1016 624 1086 πόνον
651 1018 847 1106 ἐτόλμησαν,
876 1022 911 1086 οί
936 1020 985 1103 δέ,
1014 1018 1064 1089 ότι
1091 1024 1153 1091 τοῦ

130 1122 258 1205 παντὸς
286 1122 524 1211 διαμαρτήσειν
554 1120 698 1211 ἤλπιζον,
726 1122 788 1212 τῆν
816 1120 930 1193 αὑτῶν
949 1126 1087 1213 γνώμην
1114 1130 1152 1197 έν

129 1234 225 1322 μέρει
252 1229 467 1320 προόφηναν,
495 1226 634 1317 ἀμεινον
652 1233 714 1300 τοὺ
732 1234 790 1318 τῆς
810 1234 936 1318 σιωπῆς
963 1229 1151 1305 ἀκινδύνου
1170 1250 1182 1303 1

130 1340 238 1427 γέρως
266 1341 441 1425 κρίναντες
467 1334 551 1405 κατὰ
578 1336 728 1424 δύναμίν
754 1357 809 1405 σοι
836 1340 905 1406 τῶν
933 1344 1068 1409 οίκείων
1090 1339 1151 1410 πό-

91 1472 117 1511 ιο
132 1472 205 1513 νων
224 1440 448 1531 ἀπάρξασθαι.
481 1446 512 1510 εί
529 1442 591 1531 μὲν
610 1434 673 1512 οὖν
699 1445 757 1512 καὶ
776 1440 876 1526 αὐτὸς
904 1439 952 1527 εἷς
980 1442 1029 1516 ω”ν
1056 1446 1151 1535 έτὺγ-

129 1578 239 1639 χανον
274 1552 343 1618 των
378 1545 457 1630 τοὺς
494 1548 732 1631 ἐπιδεικτικοὺς
772 1546 981 1636 ἀγαπώντων
1019 1553 1151 1643 λόγους,

130 1660 234 1747 ε’χρῆν
266 1658 425 1725 ἐντεῦθεν
457 1652 621 1743 ἀρχεσθαι
653 1658 711 1743 τῆς
739 1652 946 1743 ὑποθέσεως,
977 1658 1040 1747 τῆν
1073 1670 1152 1749 ι’σην

132 1762 273 1834 εὔνοιαν
305 1759 536 1851 ἀπαιτήσαντα
562 1764 620 1848 τῆς
648 1758 863 1851 ὑπαρχούσης
893 1762 959 1852 ήδη
987 1786 1041 1834 σοι
1068 1764 1148 1855 παρ’

131 1866 230 1959 ήμοῖν
256 1870 313 1937 καὶ
342 1869 507 1955 δεηθέντα
534 1871 603 1936 τῶν
621 1868 732 1955 λόγων
759 1866 928 1959 ἀκροατήν
956 1868 1077 1960 εὐμενῆ
1096 1900 1150 1959 γε-

92 2002 118 2041 ιε
131 1978 264 2062 νέσθαι,
293 1972 368 2063 οὐχὶ
397 1974 434 2045 δὲ
462 1971 582 2063 ἀκριβῆ
610 1976 666 2043 καὶ
694 1971 921 2064 ἀπαραίτητον
948 1977 1066 2067 κριτήν
1092 2007 1150 2049 κα·

129 2086 302 2172 ταστῆναι.
343 2083 413 2152 ἐπεὶ
441 2081 480 2150 δὲ
498 2084 535 2149 έν
563 2078 676 2163 ἀλλοις
694 2082 870 2170 μαθήμασι
896 2086 1076 2172 τραφέντες
1093 2087 1182 2157 καὶ(

131 2189 382 2274 παιδευθέντες,
400 2186 553 2277 καθάπερ
574 2187 810 2278 ἐπιτηδεύμασι
832 2192 888 2259 καὶ
907 2190 1033 2279 νόμοις,
1052 2189 1150 2262 ἀλλο-

133 2301 234 2385 τρίων
260 2298 471 2384 κατατολμάν
490 2300 599 2384 ἔργων
618 2298 784 2384 δοκοὺμεν
808 2294 870 2365 οὐκ
898 2293 1022 2385 ὀρθῶς,
1034 2358 1037 2363 .
1049 2299 1150 2388 μικρά

131 2430 188 2491 μοι
216 2407 312 2471 δοκεῖ
336 2405 457 2490 χρῆναι
483 2402 539 2470 καὶ
565 2401 789 2490 περὶτούτων
808 2406 967 2489 δηλῶσαι,
996 2407 1148 2473 οίκειοτέ-

92 2534 118 2575 το
131 2537 196 2599 ραν
215 2505 322 2596 ἀρχήν
340 2509 510 2594 προθέντα
528 2510 591 2576 τοῦ
609 2507 723 2595 λόγου.

211 2614 330 2703 Νόμος
361 2616 429 2683 ἐστὶ
461 2611 601 2694 παλαιὸς
631 2613 723 2703 παρὰ
749 2618 811 2683 τοῦ
842 2615 977 2701 πρώτου
1010 2625 1147 2703 φιλοσο-

130 2728 216 2811 φίαν
244 2718 441 2810 ἀνθρώποις
468 2719 639 2809 φήναντος
666 2716 790 2789 οὑτωσὶ
808 2727 972 2810 κείμενος·
1000 2720 1149 2807 ἅπαντας

128 2827 214 2919 πρὸς
241 2826 304 2916 τῆν
331 2825 452 2919 ἀρετήν
480 2828 536 2895 καὶ
562 2825 646 2915 πρὸς
673 2826 712 2895 τὸ
735 2826 841 2897 καλὸν
868 2830 1053 2916 βλέποντας
1080 2832 1182 2905 ἐπι-Ι

127 2934 285 3023 τηδεύειν
304 2936 341 3003 έν
360 2933 482 3021 λόγοις,
510 2935 547 3001 έν
566 2938 686 3021 ἔργοις,
710 2936 748 3002 έν
766 2935 971 3021 ξυνουσίαις,
991 2938 1027 3004 ἐν
1045 2940 1149 3007 πᾶσιν

90 3036 244 3122 τιάπλτός
270 3055 342 3122 τοῖς
373 3039 456 3109 κατά
487 3036 547 3108 τὸν
579 3045 657 3127 βίον
690 3055 819 3129 μικροίς
850 3042 906 3109 καὶ
934 3048 1059 3129 μείζοσι
1086 3048 1147 3115 τοῦ

128 3150 237 3217 καλοῦ
268 3146 401 3229 πάντως
433 3148 598 3234 ἐφίεσθαι.
643 3146 781 3215 πάντων
812 3146 850 3215 δὲ
882 3144 933 3216 ότι
969 3149 1147 3221 κάλλιστον

129 3252 242 3345 ἀρετή,
269 3258 320 3335 τίς
338 3249 380 3321 ἀν
398 3248 478 3341 ῆμλν
505 3255 574 3321 τῶν
592 3255 678 3322 νοῦν
697 3253 842 3341 ἐχόντων
870 3250 1146 3384 ἀμφισβητήσεως

129 3359 254 3448 ταύτης
280 3365 398 3430 τοίνυν
425 3356 623 3447 ἀντέχεσθαι
652 3359 874 3429 διακελεύεται
905 3358 985 3441 τοὺς
1012 3358 1056 3448 μῆ
1084 3361 1145 3449 μά-

199 3498 213 3546 1
240 3486 355 3573 αὐτοὺς
366 3493 425 3546 VM
443 3498 472 3545 et
494 3509 678 3627 εεεήο,
597 3493 678 3575 alibi,
703 3496 776 3561 quod
794 3511 847 3546 non
866 3496 991 3547 omnibus
1008 3493 1078 3546 Ιοοῐιι
1097 3511 1146 3546 an·

130 3564 229 3613 notavi
287 3554 416 3615 ’ίαὺτῶν
435 3561 539 3614 Schaef
578 3561 675 3613 αοτῶν
729 3566 763 3614 20
779 3558 949 3630 προσθέντα
966 3563 991 3613 V
1047 3565 1080 3613 22
1098 3555 1146 3614 οὑ·

131 3627 194 3681 τοσὶ
212 3632 251 3681 Μ.
280 3629 313 3683 τί,
332 3630 423 3711 Epist
442 3632 476 3679 42
498 3646 525 3695 p.
543 3630 628 3680 4281)
698 3634 731 3681 24
755 3582 817 3682 lvo
809 3629 899 3681 πᾶσιν
921 3625 981 3710 H]
986 3620 1034 3682 ἐπὶ
1056 3630 1147 3681 πᾶσιν

132 3699 166 3749 25
184 3689 346 3777 μικροῖς]”
325 3712 431 3778 ακροις
442 3696 509 3748 VM
543 3696 638 3747 Malim
660 3696 710 3750 κοιλ
728 3700 843 3765 μικροῖς
911 3699 944 3747 27
963 3687 1145 3765 ἀμφισβητή-

134 3778 192 3817 σειε
209 3761 245 3829 V]
264 3755 509 3833 ἀμφισβητήσειεν
920 3829 935 3862 *
