2416 4290
548 366 684 421 ουιτιο
701 368 726 424 1.
1104 366 1146 433 37

124 524 283 586 ποταμον
311 496 533 584 έπαφιέμενον
560 496 666 565 οίονελ
692 495 886 583 μηχάνημα,
918 498 1067 582 συνεχῶς
1093 496 1146 583 δέ·

126 630 212 673 οντα
239 603 297 673 καὶ
324 602 624 692 προσρηγνύμενον
650 616 721 683 τοῖς
746 608 882 689 τείχεσι,
914 602 973 683 τός
1000 629 1034 669 τε
1062 596 1146 691 ὑπὲρ

124 713 198 779 τῶν
225 704 363 779 ύδότων
390 708 495 796 μόχας
521 710 576 777 καλ
605 704 682 777 ὅσαι
709 710 784 797 περὶ
816 710 862 799 τῷ
890 714 987 795 τείχει
1015 734 1146 777 κατενε-

126 819 245 904 χθέντι
273 814 464 902 γεγόνασιν.
500 816 573 903 ἐμοὶ
601 814 663 903 μὲν
681 806 755 899 ούν,
783 812 864 904 ὅπερ
892 820 990 901 ἔφην,
1017 812 1146 903 ἀπόχρη

100 924 185 991 anal
212 924 331 990 ταῦτα·
363 919 404 990 τὰ
432 921 611 1010 λειπόμενα
643 924 683 989 δέ
708 924 776 989 έστι
809 923 924 1012 μακρῷ
958 920 1146 1010 σεμνότερα.

126 1030 184 1098 καλ
212 1026 316 1117 τυχὸν
345 1025 500 1116 οὐδαμῶς
527 1025 669 1114 εύλογον
688 1025 773 1108 ἅπαξ
802 1026 962 1114 ἑλόμενον
989 1022 1187 1097 ἁπάντωνΒ

128 1138 162 1217 ές
190 1135 339 1223 δύναμιν
370 1137 564 1223 μνησθήναι
596 1137 665 1203 τόν
693 1153 747 1202 σοι
774 1134 1011 1222 πραχθέντων,
1044 1130 1147 1221 ἄκμα-

129 1244 262 1324 ζουσύν
280 1248 329 1310 ἔτι
355 1244 423 1309 τῶν
441 1241 604 1330 πράξεων,
632 1238 769 1328 ἀφεῖναι
786 1238 848 1328 τήν
877 1238 1042 1328 διήγησιν.
1084 1236 1149 1308 ὅσα

128 1348 190 1436 μὲν
224 1339 289 1416 ούν
322 1354 368 1416 ἔτι
400 1362 472 1428 τοῖς
504 1353 615 1437 ἔργοις
641 1346 932 1437 προσκαθήμενος,
966 1338 1015 1415 οἷν
1041 1373 1147 1436 μικρο

92 1474 116 1514 ¹⁰
128 1454 284 1545 πρόσθεν
324 1452 514 1543 ἐμνήσθην,
550 1456 625 1540 περὶ
660 1452 724 1542 τήν
760 1450 929 1541 Εὐρώπην
970 1452 1147 1545 διῴκησας,

127 1566 308 1651 πρεσβείας
334 1563 473 1648 πέμπων
490 1562 547 1629 καλ
575 1556 766 1629 ἀναλίσκων
789 1561 937 1647 χρήματα
963 1561 1020 1628 καλ
1048 1578 1145 1646 στρα-

127 1667 253 1737 τόπεδα
286 1664 327 1735 τὰ
354 1666 618 1755 προσκαθήμενα
649 1681 720 1747 τοῖς
748 1666 902 1747 Σκύθαις
934 1668 971 1733 ἐν
998 1672 1137 1755 Παιονί,

128 1776 320 1862 ἐκπέμπων,
352 1775 414 1842 τού
446 1772 490 1862 μή
523 1776 734 1861 κρατηθῆναι
766 1769 827 1841 τὸν
853 1770 1045 1863 πρεσβύτην
1077 1767 1144 1841 ύπδ

127 1883 189 1949 τού
216 1880 391 1966 τυράννου
418 1883 586 1969 προνοῶν,
613 1882 683 1961 πῶς
711 1876 755 1947 όν
772 1906 822 1960 τις
849 1882 886 1947 ἐν
913 1885 1032 1968 βραχεῖ
1056 1878 1146 1969 λόγφ

91 1989 341 2077 νπαραστήσαι
374 1985 512 2056 δύναιτο
544 1988 600 2054 καλ
628 1986 719 2054 πάνυ
751 1985 965 2068 σπουδάζωνς
998 1986 1068 2053 έπελ
1097 1987 1185 2071 δέ,0

127 2090 194 2181 ήδη
228 2113 293 2161 σον
329 2090 413 2182 πρὸς
449 2090 509 2161 τὸν
544 2092 690 2180 πόλεμον
722 2087 936 2182 ὡρμημένου,
974 2088 1036 2160 οὐκ
1068 2089 1146 2160 οἶδα

126 2195 209 2288 παρ’
246 2195 326 2267 ὅτου
360 2198 533 2287 δαιμόνων
565 2200 746 2288 ἐξαιρεθεὶς
781 2197 841 2268 τὸν
877 2201 964 2267 νούν
995 2199 1051 2267 καλ
1088 2195 1146 2279 τὰς

126 2306 258 2395 φρένας
285 2300 303 2372 ὁ
331 2306 412 2385 τέως
438 2304 554 2386 πιστὸς
582 2320 694 2392 μενεῖν
727 2305 836 2393 φύλαξ
864 2304 1147 2390 ἐπαγγελλόμενος

125 2412 184 2481 καὶ
212 2410 357 2499 χρήμασι
384 2413 440 2480 καὶ
459 2413 694 2500 στρατοπέδοις
712 2414 768 2481 καὶ
794 2426 865 2491 τοῖς
883 2409 994 2489 ἄλλοις
1021 2406 1147 2478 ἅπασιν

85 2536 113 2576 ²⁰
126 2513 196 2587 ύπὸ
225 2519 290 2585 σού
318 2518 580 2607 περισωζόμενος
607 2518 745 2609 εἰρήνην
774 2512 965 2604 ὡμολόγησε
987 2517 1033 2606 τῷ
1061 2514 1145 2584 πόν-

126 2651 197 2694 των
224 2620 418 2712 ἀνθρώπων
450 2620 664 2717 ἆνοσιωτύτφ
692 2626 749 2693 καλ
780 2628 927 2714 πολεμίφ
959 2624 1056 2711 κοινή
1084 2620 1146 2710 μὲν

126 2724 303 2816 ἁπάντων,
341 2725 477 2811 ὁπόσοις
514 2730 648 2820 εἰρήνης
679 2732 768 2819 μέλει
800 2730 856 2798 καλ
887 2726 950 2817 τήν
983 2724 1145 2817 ὁμόνοιαν

127 2838 166 2905 ἐκ
192 2833 319 2917 παντὸς
351 2838 565 2927 στέργουσιν,
599 2842 669 2927 ίδίηι
702 2836 740 2905 δὲ
773 2838 828 2905 σολ
854 2838 910 2905 καλ
943 2837 1045 2904 πλέον
1075 2838 1145 2904 τόν
1162 2853 1188 2907 Ι)

128 2940 253 3011 ἄλλων·
283 2939 360 3011 ούτε
379 2947 507 3023 ἔδεισας
534 2946 593 3031 τής
611 2946 824 3032 παρασκευῆς
846 2941 884 3011 τὸ
903 2944 1045 3030 με’γεθος
1069 2939 1146 3011 ούτε

87 3064 115 3105 25
128 3045 281 3117 ἀπίστων
309 3044 445 3138 ἀνδρῶν
473 3050 660 3137 ξυμμαχίαν
687 3051 789 3118 πλέον
816 3045 977 3135 ὑπέλαβες
1004 3052 1063 3137 τής
1090 3054 1145 3136 ἔμ

126 3181 257 3244 φρονος
284 3153 427 3243 γνύμης.
464 3157 615 3242 έγκαλῶν
643 3158 691 3243 δέ,
720 3150 766 3237 ύς
783 3156 881 3243 εἰκός,
908 3158 954 3247 τῷ
982 3154 1043 3243 μὲν
1070 3152 1145 3223 ἄπι-

127 3268 235 3348 στίαυ,
263 3263 309 3353 τῷ
338 3259 375 3328 δὲ
402 3259 487 3351 πρός
504 3261 608 3350 ταύτη
635 3261 787 3352 πράξεων
806 3265 936 3350 ἐναγῶν
964 3264 1020 3330 καὶ
1038 3287 1144 3350 παρα·

126 3476 169 3535 ι
193 3409 458 3547 φωνην,
484 3414 553 3546 ιι·
569 3414 892 3545 ιικωιιιιι
919 3484 923 3543 ,
1070 3410 1144 3534 ιιι

126 3554 226 3615 μενεῖν
237 3546 278 3614 Η]
288 3544 397 3628 μένειν
450 3552 483 3601 20
500 3543 622 3602 ύπδτού
638 3550 706 3614 VM]
725 3542 781 3602 ύπό
800 3565 852 3631 ουρ
902 3552 935 3600 23
954 3547 999 3599 σολ
1017 3547 1143 3615 SchaefJ

126 3632 169 3669 σοι
191 3634 209 3669 v
249 3631 302 3669 σου
324 3617 408 3679 nuk„
432 3633 485 3683 quo
509 3617 627 3669 admisso
651 3619 804 3669 addendum
826 3636 845 3683 η
869 3621 930 3680 post
952 3613 1040 3668 πλέον
1109 3620 1144 3670 25

125 3654 339 3807 πέῑίρνήνπλέον
362 3680 463 3751 flav?
540 3688 574 3737 25
592 3690 621 3737 et
638 3688 672 3737 26
695 3677 838 3751 εὔφρονος
859 3684 884 3733 V
961 3688 994 3736 27
1017 3679 1141 3753 ἐναγῶν]
1181 3762 1203 3787 f

124 3769 212 3808 ανον
