2416 4290
96 576 135 641 16
395 574 540 630 IULIANI
557 573 805 627 IMPERATORIS

49 710 231 794 Βέχεσθαι
262 706 449 792 πανταχοῦ,
483 705 604 786 ἐθίζων
633 702 670 771 δέ
696 700 735 771 τὸ
768 705 862 790 σῶμα
894 717 965 783 τοῖς
993 701 1111 785 πόνοις

94 810 178 902 πρὸς
204 809 262 892 τὰς
289 807 472 899 μεταβολάς
499 813 583 899 βᾷον
603 809 779 896 διήνεγκας
806 808 868 896 τὴν
895 811 931 877 ἐκ
951 813 1111 879 Γαλατων

37 980 40 985 .
95 924 142 1000 είς
168 923 392 1008 Παρθυαίους
424 914 552 985 άνοδον
580 912 638 1013 (ἢ)
671 918 739 983 τῶν
770 921 943 984 πλουσίων
975 920 1011 985 οί
1039 932 1112 998 ταῖς

96 1021 198 1114 ὥραις
229 1021 291 1113 τὴν
324 1033 456 1111 οίκησιν
494 1022 835 1111 συμμεταβάλλοντες,
868 1028 899 1090 εί
929 1020 1019 1112 παρά
1051 1022 1112 1092 τὸν

52 1186 55 1193 .
95 1130 213 1221 καιρὸν
241 1138 421 1219 βιασθεῖεν.
467 1135 526 1198 καί
551 1157 607 1217 μοι
635 1134 730 1198 δοκεῖ
753 1127 834 1210 θεὸς
862 1123 1002 1217 εὐμενὴς
1030 1127 1140 1220 πρδςε

93 1236 156 1326 τὴν
183 1240 251 1306 τῶν
280 1234 368 1306 όλων
395 1232 578 1325 ἡγεμονίαν
606 1237 638 1316 ἐξ
668 1231 771 1325 ἀρχῆς
801 1233 864 1323 την
897 1232 962 1323 σὴν
990 1232 1114 1326 ἀρετὴν

94 1343 357 1434 παρασκευάζειν
399 1345 542 1428 ἐθίλων,
583 1342 693 1432 κύκλῳ
731 1362 769 1410 σε
805 1358 1020 1431 περιαγαγεῖν
1055 1346 1113 1413 καὶ

95 1452 255 1531 ἐπιδεῖξαι
286 1452 344 1537 τῆς
376 1446 478 1538 ἀρχῆς
511 1444 641 1536 ἁπάσης
674 1445 775 1537 ὅρους
807 1449 862 1517 καὶ
899 1449 1024 1536 πέρατα
1057 1452 1113 1520 καὶ

96 1556 203 1642 φύσιν
221 1562 352 1646 χωρίων
380 1557 436 1624 καὶ
454 1557 596 1643 μέγεθος
622 1554 732 1645 χώρας
750 1555 805 1623 καὶ
834 1554 980 1643 δύναμιν
998 1559 1113 1625 ἐθνῶν

44 1660 151 1733 ιε’καὶ
179 1666 308 1750 πλῆθος
334 1662 464 1731 πόλεων
491 1664 546 1730 καὶ
575 1661 681 1747 φύσιν
708 1661 824 1750 δήμων
851 1663 907 1730 καὶ
934 1659 972 1730 τὸ
1001 1662 1113 1753 κράτι-
1126 1696 1151 1739 1⁰

97 1788 178 1839 στον
216 1765 330 1837 αὐτῶν
368 1771 519 1856 ἐκείνων,
557 1767 620 1856 την
652 1774 846 1858 γερουσίαν·
885 1759 934 1836 ὦν
971 1766 1114 1852 οὐδενὸς

97 1872 339 1963 ἀπολελεῖφθαι
367 1872 429 1965 χρὴ
457 1872 518 1944 τὸν
549 1872 632 1963 πρὸς
658 1875 826 1962 τοσαύτην
858 1872 965 1964 άρχην
992 1876 1114 1966 τρεφό-

97 2009 208 2069 μενον.
253 1979 290 2050 τὸ
324 1984 479 2069 μέγιστον
512 1981 548 2050 δέ
581 1984 702 2071 μικροῦ
735 2009 774 2068 με
806 1984 967 2068 διέφυγεν
996 1988 1113 2071 είπεῐν,

97 2084 148 2157 ότι
175 2087 305 2156 τούτων
332 2083 489 2156 ἁπάντων
517 2085 632 2178 ἄρχειν
652 2090 687 2156 ἐκ
710 2093 842 2157 παίδων
861 2088 1113 2177 διδασκόμενος,

97 2190 260 2283 άρχεσθαι
291 2209 441 2282 κρεῖττον
474 2200 611 2281 ἔμαθες,
648 2191 732 2283 άρχῇ
763 2197 802 2283 τῇ
839 2198 956 2263 πασῶν
994 2193 1112 2286 ἀρίστῃ
1125 2228 1151 2270 ιε

96 2301 152 2368 καὶ
172 2300 374 2388 δικαιοτάτη,
394 2301 494 2387 φύσει
512 2328 547 2369 τε
569 2301 625 2368 καὶ
643 2300 747 2392 νόμῳ,
776 2299 902 2370 σαυτὸν
924 2296 1111 2384 ὑποτιθείς·

96 2408 196 2496 πατρί
224 2405 287 2497 γάρ
315 2402 482 2494 ύπηκουες
500 2404 567 2495 άμα
589 2408 645 2475 καὶ
673 2415 815 2494 βασιλεῖ·
844 2398 893 2476 τόν
921 2413 952 2476 εί
973 2409 1029 2477 καὶ
1047 2409 1111 2480 θά-

95 2538 194 2603 τερον
225 2509 373 2603 ὑπῆρχεν
406 2516 520 2606 ἐκείνω
554 2513 675 2602 μόνον,
712 2512 825 2602 άρχειν
857 2510 948 2605 αύτῷ
980 2515 1112 2597 πάντως

56 2623 269 2710 Βπροσῆκον
296 2612 348 2708 ἦν.
383 2627 492 2689 καίτοι
519 2627 595 2688 τίνα
614 2618 687 2689 ποτ’
718 2618 761 2688 άν
788 2647 836 2701 τις
860 2621 988 2711 ἐξεύροι
1015 2629 1111 2709 βασι-

96 2725 192 2814 λικὴν
218 2725 351 2818 τροφὴν
377 2728 433 2795 καὶ
460 2731 615 2795 παιδείαν
634 2723 758 2814 άμείνω
785 2725 908 2813 ταύτης
930 2727 1031 2797 πάλαι
1059 2756 1111 2816 γε·
1127 2762 1153 2803 20

96 2834 258 2922 νομένην;
301 2830 379 2901 ούτε
420 2830 484 2921 γάρ
525 2832 787 2920 Λακεδαιμόνιοι
828 2836 896 2901 τεόν
933 2829 1112 2923 Ἑλλήνων,

98 2942 191 3027 οἵπερ
221 2937 261 3026 δὴ
291 2941 451 3008 δοκοῦσιν
479 2935 615 3029 άρίστης
638 2936 740 3029 ἀρχῆς
766 2943 824 3029 τῆς
851 2943 919 3007 τῶν
946 2942 1114 3028 βασιλέων

97 3052 308 3133 μεταλαβεῖν,
343 3043 429 3114 ούτω
461 3043 541 3127 τοὺς
565 3041 780 3135 Ἡρακλείδας
807 3049 1001 3135 ἐπαίδευον,
1035 3046 1114 3118 ούτε

97 3153 166 3219 τῶν
198 3152 379 3242 βαρβάρων
412 3157 447 3220 oc
476 3152 720 3243 Καρχηδόνιοι,
752 3145 1007 3241 βασιλευόμενοι
1040 3159 1112 3224 δια-

98 3257 280 3348 φερόντως,
307 3261 365 3346 τῆς
394 3256 529 3349 ἀρίστης
553 3261 736 3347 ἐπιμελείας
763 3257 822 3328 τὸν
841 3256 986 3350 άρχουτα
1014 3264 1114 3350 σφων
1127 3292 1153 3335 ει

96 3361 228 3451 ἠξίουν·
262 3361 345 3434 άλλά
372 3368 475 3435 πᾶσιν
506 3357 550 3453 ἦν
582 3364 680 3435 κοινά
711 3362 751 3434 τά
779 3364 869 3457 παρὰ
900 3369 969 3435 τῶν
996 3367 1114 3457 νόμων

58 3474 154 3559 Οτης
186 3469 303 3562 άρετης
336 3472 504 3560 γυμνάσια
541 3474 596 3541 καὶ
628 3470 667 3540 τὰ
700 3473 923 3561 παιδεύματα,
960 3474 1114 3565 καθάπερ

98 3575 257 3665 άδελφοῖς
289 3593 358 3660 τοϊς
394 3585 544 3660 πολίταις
581 3577 692 3669 άρξειν
725 3607 760 3648 τε
791 3582 847 3649 καί
880 3577 1113 3668 άρχθήσεσθαι

98 3687 268 3772 μέλλουσι,
300 3688 356 3753 καὶ
390 3683 492 3755 οὐδὲν
525 3686 693 3776 διάφορον
719 3707 850 3774 προσην
882 3693 930 3768 είς
961 3692 1114 3770 παιδείας

165 3822 180 3868 3
204 3821 251 3871 Πα
254 3819 348 3886 θνα
347 3837 397 3880 ους
419 3819 457 3886 Η]
483 3812 624 3900 Πάρθους
651 3813 699 3886 Ιη
724 3821 785 3873 εδδ.
807 3821 873 3876 Rsk.
901 3820 905 3886 Ι
932 3817 977 3942 oli]
1004 3818 1033 3874 οἳ
1055 3825 1113 3875 VM

97 3838 420 3969 4συμμεταβάλλοντες
437 3885 473 3969 V]
493 3839 728 3969 μεταβάλλουσιν
792 3892 808 3939 6
851 3889 990 3973 γχμουίατ
1014 3884 1114 3958 ἐξάρ-

99 3970 150 4019 we
169 3950 251 4019 Rak]
272 3947 339 4019 ἐξ
321 3973 411 4023 αρχης
431 3950 588 4022 ἡγεμονίαν
657 3959 690 4008 25
708 3882 847 4024 άρχονταέ
863 3956 1006 4024 αρξονταλ
