2416 4290
553 370 689 425 ORATIO
707 372 730 424 I.
889 448 892 453 Ι
1108 366 1147 431 21

129 496 414 589 αὐτοκρατόρων,
450 500 505 567 καί
543 493 587 579 ῶς
619 500 730 567 έκεῖνα
763 495 818 565 διά
851 499 988 585 μακρῶν
1020 493 1153 565 ἀπωσά-

129 616 220 693 μεθα
257 605 433 674 κινδύνων
469 603 509 672 τά
546 614 664 692 αἰσχη,
702 606 834 673 πολλῶν
872 604 927 671 καί
966 602 1155 691 σωφρόνων

129 709 395 800 αὐτοκρατόρων
422 707 725 799 ἀναμαχεσαμένων
756 708 796 777 τά
824 716 1024 797 πταίσματα;
1057 714 1092 777 τί
1116 708 1155 777 δὲ

128 817 194 906 χρή
227 820 298 886 τῶν
331 819 499 906 δευτέρων
531 814 750 905 ἀτυχημάτων
777 819 969 904 μεμνῆσθαι
1002 817 1057 883 καί
1085 818 1154 883 τῶν

103 920 179 996 τέκ’
202 921 320 1004 αὐτοῖς
337 926 400 992 τοῦ
417 923 536 1012 Κάρου
554 923 705 1011 πράξεων
725 924 754 1008 [,
774 920 876 1008 ὅσπερ
896 919 975 1009 μετά
993 919 1052 1002 τὰς
1070 942 1153 1009 συμ-
1175 947 1195 996 υ

130 1028 242 1119 φορὰς
282 1025 389 1118 ήρέθη
423 1030 645 1118 στρατηγός];
683 1025 754 1097 ἀλλ’
791 1032 826 1097 οἰ
860 1027 922 1116 τήν
953 1025 1156 1115 θαυμαστήν

130 1137 188 1204 καί
207 1133 300 1225 παρὰ
319 1138 422 1205 πᾶσιν
441 1132 668 1223 ἀγαπωμένην
687 1133 825 1224 εἰρήνην
846 1134 1054 1214 ἐπιτάξαντες
1073 1136 1155 1203 ἐκεί-

130 1269 206 1323 νοις
239 1239 349 1329 ἀγειν,
382 1245 418 1311 οἰ
447 1241 512 1330 πρὸ
544 1244 607 1311 τοῦ
640 1244 703 1309 σοῦ
736 1237 861 1328 πατρὸς
893 1238 955 1326 τήν
982 1246 1157 1326 βασιλείαν

131 1348 370 1435 κατασχόντες,
404 1345 466 1436 οὐχ
498 1344 516 1417 ό
550 1348 611 1436 μὲν
638 1362 760 1434 καῖσαρ
789 1344 863 1414 καθ’
895 1342 999 1414 αὐτὸν
1027 1353 1155 1435 συμβα-

91 1487 119 1526 ιο
133 1451 203 1524 λῶν
231 1457 378 1542 αἰσχρῶς
409 1451 610 1542 ἀπήλλαξεν;
644 1455 904 1542 ἐπιστραφέντος
936 1452 973 1520 δέ
1005 1456 1066 1521 τοῦ
1098 1455 1156 1542 τής

133 1563 334 1648 οἰκουμένης
366 1557 496 1648 ἀπάσης
528 1559 690 1649 ἀρχοντος
726 1561 781 1628 καλ
813 1558 873 1639 τὰς
906 1558 1065 1646 δυνάμεις
1096 1562 1155 1649 τῆς

132 1662 316 1753 ἡγεμονίας
348 1662 478 1755 ἀπάσης
510 1671 615 1736 ἐκεῖσε
646 1667 830 1755 τρέψαντος
862 1666 918 1732 καὶ
945 1673 1153 1752 προκαταλα-

133 1771 257 1859 βόντος
274 1770 334 1852 τὰς
353 1771 508 1860 εἰσβολάς
527 1773 747 1861 στρατεύμασι
772 1772 828 1840 καὶ
846 1770 1043 1857 καταλόγοις
1063 1767 1154 1841 ὁπλι-
1171 1780 1195 1837 Β

133 1881 203 1946 τῶν
229 1881 381 1948 παλαιῶν
408 1881 462 1948 καλ
492 1882 675 1949 νεολέκτων
705 1880 761 1949 καί
790 1882 1018 1958 παντοδαπαῖς
1048 1904 1154 1967 παρα-

94 2014 120 2054 15
134 1999 287 2070 σκευαῖς,
325 1985 470 2066 δεδιότες
497 1987 591 2074 μόλις
618 1984 679 2073 τήν
708 1984 847 2072 εἰρήνην
880 1980 1065 2071 ήγάπησαν.
1113 1980 1156 2071 ἢν

134 2087 199 2159 οὐκ
228 2087 294 2159 οἷδ’
326 2088 415 2171 ὅπως
447 2093 620 2182 περιόντος
652 2096 714 2160 τοῦ
742 2090 866 2178 πατρὸς
892 2093 954 2157 τοῦ
982 2093 1045 2158 σοῦ
1074 2111 1155 2175 συγ·

133 2197 269 2284 χέαντες
300 2198 357 2265 καί
395 2199 681 2288 συνταράξαντες,
718 2201 776 2284 τής
813 2195 874 2284 μὲν
910 2193 983 2284 παρ’
1023 2198 1155 2265 ἐκείνου

132 2309 294 2392 τιμωρίας
314 2303 513 2393 διήμαρτον,
538 2307 575 2374 έν
597 2321 670 2386 ταῖς
693 2302 777 2392 πρὸς
799 2300 860 2371 τὸν
882 2302 1028 2390 πόλεμον
1047 2329 1153 2390 παρα-

133 2424 270 2490 σκευαῖς
297 2407 358 2478 τὸν
376 2416 454 2496 βίον
472 2411 743 2498 μεταλλάξαντος·
787 2412 840 2477 σοὶ
865 2408 901 2477 δὲ
924 2405 1071 2496 ὑπέσχον
1093 2407 1156 2497 τήν

95 2547 121 2586 ιο
133 2520 235 2602 δίκην
263 2512 404 2605 ὕστερον
431 2520 499 2585 τῶν
526 2520 786 2607 τετολμημένων.
829 2516 957 2603 μέλλων
981 2515 1018 2583 δέ
1042 2521 1089 2583 ἔτι
1112 2512 1154 2604 δή

131 2623 202 2689 τῶν
236 2619 320 2709 πρὸς
352 2617 477 2703 αὐτοὺς
509 2620 651 2711 άγῶνων
684 2624 875 2711 γενομένων
913 2640 966 2690 σοι
997 2620 1156 2703 πολλάκις

133 2723 301 2797 ἅπτεσθαι
332 2731 498 2798 τοσοῦτον
529 2728 609 2812 ἀξιῶ
639 2744 776 2800 σκοπεῖν
803 2727 883 2809 τοὺς
911 2725 1195 2817 ἀκροωμένους,(λ

133 2829 186 2901 ὅτι
218 2836 281 2902 τοῦ
312 2841 427 2922 τρίτου
459 2843 581 2926 μορίου
613 2841 670 2925 τής
704 2834 805 2925 ἀρχῆς
838 2833 1008 2915 καθεστῶς
1039 2835 1155 2924 κύριος

135 2935 292 3027 οὐδαμῶς
319 2938 403 3030 πρὸς
425 2938 485 3010 τὸν
508 2943 654 3032 πόλεμον
678 2945 847 3033 ἐρρῶσθαι
871 2944 1068 3029 δοκοῦντος,
1093 2938 1154 3029 οὐχ

94 3074 121 3114 25
134 3040 265 3132 ὅπλοις,
291 3043 354 3114 οὐκ
377 3043 520 3138 ἀνδράσι
543 3065 613 3130 τοῖς
636 3050 924 3139 στρατευομένοις,
949 3044 1064 3116 οὐδενὶ
1086 3049 1155 3115 τῶν

134 3147 262 3238 ἀλλων,
292 3149 354 3221 ὅσα
381 3152 465 3243 πρὸς
491 3159 689 3242 τηλικοῦτον
716 3155 861 3243 πόλεμον
884 3157 984 3243 έχρήν
1007 3156 1157 3243 έπιρρεῖν

204 3408 216 3454 1
242 3397 281 3464 ῶς
299 3407 367 3458 Rsk.
389 3412 417 3458 et
438 3407 477 3474 Η]
502 3404 546 3468 οἷς
617 3412 678 3460 let
702 3413 717 3459 2
741 3401 935 3473 ἀπωσόμεθα]
962 3407 1003 3461 Cf.
1021 3399 1155 3458 ῶθοῦντο

137 3471 204 3551 531)
223 3477 251 3522 et
269 3474 335 3522 64Β
405 3467 539 3540 511άρον
557 3472 632 3543 Pet]
651 3476 754 3543 καιροῦ
771 3477 775 3541 Ι
791 3467 879 3537 ὅσπερ
893 3475 963 3552 μῖσλτ.
982 3479 1010 3524 et
1029 3473 1138 3525 Schaef.

136 3553 236 3602 ωσπερ.
263 3540 355 3592 Verba
372 3543 401 3591 in
418 3549 473 3608 pet.
486 3545 567 3594 uncis
579 3544 686 3594 inclusa
705 3546 798 3595 om.M
850 3537 977 3608 θηρέθη
996 3542 1020 3590 V
1071 3541 1139 3592 1οδ

138 3607 199 3686 ηδδ.
222 3606 283 3657 VM
362 3612 392 3660 11
417 3602 531 3677 ἀπάσης
554 3608 624 3678 VM]
648 3605 741 3679 πάσης
821 3613 852 3660 15
875 3603 1006 3667 δεδιότες
1029 3607 1152 3673 Schaef]

138 3672 258 3733 αδοντες
281 3674 354 3743 VM,
378 3666 397 3727 ἀ
420 3670 535 3738 ἰδόντες
557 3695 575 3730 v
646 3681 677 3728 16
700 3673 865 3745 περιόντος]
890 3669 1039 3742 περιόντος
1063 3671 1104 3727 ἐτι
1127 3677 1154 3725 Η

139 3743 171 3794 23
188 3741 340 3803 καθεστὼς
357 3738 454 3811 κύριος
472 3742 509 3812 V]
530 3738 628 3812 κάριος
647 3737 798 3804 καθεστῶς

1102 3892 1148 3904 -fl
