2416 4290
553 361 688 414 οιιετιο
706 362 728 412 1.
1105 362 1148 425 55

124 496 174 571 τίς
201 490 256 558 έπλ
284 491 353 558 σού
380 489 490 575 λέγειν
515 488 689 577 έτόλμησες
716 492 816 558 τοῦτο
840 491 895 558 καὶ
914 489 1032 580 Κῦρόν
1060 510 1144 578 φασι

124 595 186 665 τὸν
210 597 353 685 ’Πέρσην
381 594 534 684 γάμβρον
561 592 644 664 ὅντα
661 596 823 683 βασιλέως
845 594 934 686 παρὰ
961 598 1023 666 τοῦ
1050 602 1146 685 κηδε-

126 704 209 771 στοῦ
242 712 370 771 παθεῖν
401 698 594 789 ἀχθομένου
626 703 666 791 τῇ
698 700 789 789 παρὰ
820 706 882 771 τοῦ
914 703 1067 791 πλήθους
1100 709 1147 785 είς

125 806 187 878 τόν
215 806 326 897 ἀνδρα
352 810 445 898 τιμή,
472 809 527 877 καλ
553 804 746 896 Ἀγησίλαος
778 808 815 877 δὲ
843 812 944 896 θήλος
971 800 1014 897 ἦν
1041 807 1187 897 ἀχθό-Β

102 930 227 1004 δμενος
254 917 428 1007 τιμωμένῳ
456 912 545 1003 παρὰ
572 929 643 996 τοῖς
662 912 753 984 Ἴωσι
774 915 973 1007 Λυσάνδρῳ.
1005 917 1146 998 τούτους

127 1013 191 1090 οὖν
219 1019 304 1109 [ὅτι]
332 1021 459 1102 πάντας
487 1016 775 1110 ὑπερβαλλόμενος
802 1017 917 1110 ἀρετή,
945 1038 1016 1103 τοῖς
1042 1030 1145 1092 πλου-

127 1131 223 1196 τοῦσι
255 1127 318 1215 μὲν
345 1126 383 1196 τό
415 1136 573 1196 πλουτεῖν
605 1124 856 1218 ἀσφαλέστερον
887 1124 908 1215 ή
936 1126 1043 1217 πατήρ
1076 1144 1147 1211 τοῖς

128 1230 236 1303 αὑτοῦ
262 1234 358 1303 παισὶ
385 1235 597 1321 κατέστησας,
625 1230 794 1320 εὐγενείας
817 1234 854 1303 δὲ
882 1238 939 1322 τῆς
965 1238 1033 1303 τῶν
1063 1231 1145 1322 ὑπη-

127 1340 216 1409 κόων
243 1356 400 1427 προνοεῖς
427 1340 579 1430 καθάπερ
607 1336 737 1428 ἀπάσης
760 1341 887 1422 πόλεως
914 1340 1062 1429 οἰκιστής
1089 1344 1144 1410 καλ

96 1466 116 1506 ¹⁰
126 1450 328 1536 νομοθέτης·
355 1448 410 1516 καὶ
437 1461 508 1528 τοῖς
526 1449 562 1516 ἐκ
589 1450 647 1534 τής
664 1446 767 1535 τύχης
794 1444 937 1533 ἀγαθοῖς
960 1446 1065 1518 πολλὰ
1083 1448 1146 1535 μὲν

74 1556 78 1580 “’
126 1560 331 1644 προστιθείς,
358 1550 464 1623 πολλά
482 1552 519 1621 ὑλ
538 1554 594 1622 καλ
613 1550 715 1634 αὑτός
742 1556 775 1634 ἐξ
799 1551 902 1643 ἀρχῆς
920 1555 1144 1643 χαριζόμενος,

126 1663 227 1748 όήλος
258 1657 292 1729 εί
320 1663 367 1751 τῷ
399 1661 533 1749 μεγέθει
564 1659 626 1747 μὲν
657 1658 716 1741 τάς
752 1658 842 1749 παρά
874 1663 943 1728 τῶν
979 1664 1145 1749 βασιλέων

74 1788 76 1793 ·
126 1765 253 1854 δωρεάς
281 1761 584 1856 ὑπερβαλλόμενος,
611 1768 652 1855 τή
679 1766 869 1854 βεβαιότητι
898 1766 934 1836 θλ
961 1770 1029 1835 τῶν
1057 1764 1183 1849 ἀπαξῦ

125 1874 302 1943 δοθέντων
328 1871 387 1953 τὰς
414 1870 504 1963 παρά
531 1875 600 1940 τῶν
627 1872 743 1960 δήμων
770 1873 906 1961 χάριτας
933 1870 1142 1960 ἀποκρυπτό-

90 1997 233 2068 ϋμενος.
274 1982 376 2048 τοῦτο
404 1979 441 2047 δέ
469 1978 562 2067 οἶμαι
588 1980 644 2047 καλ
672 1979 760 2067 μύλα
792 1979 927 2060 εἰκότως
954 1986 1142 2068 συμβαίνει.

124 2091 160 2154 οί
184 2085 248 2175 μὲν
275 2083 340 2175 γὰρ
368 2082 422 2173 ἐφ’
453 2080 504 2167 οἷς
531 2092 711 2154 συνίσασιν
744 2081 859 2167 αὑτοῖς
886 2083 1143 2174 ἀπολειφθεῖσιν

124 2190 285 2279 ἀγαθοῖς,
317 2207 387 2274 τοῖς
414 2194 624 2281 κεκτημένοις
651 2199 908 2280 βασκαίνουσιν,
942 2190 1007 2285 ὅτῳ
1037 2194 1074 2262 δὲ
1101 2190 1140 2261 τά

123 2299 185 2387 μὲν
214 2301 252 2367 ἐκ
282 2301 342 2385 τής
371 2298 473 2386 τύχης
500 2299 568 2367 έστλ
600 2296 732 2386 λαμπρά
764 2300 819 2366 καὶ
848 2294 903 2368 οἷα
932 2297 1047 2367 οὐθενὶ
1075 2302 1143 2367 τῶν

123 2403 247 2492 ἀλλων,
274 2402 316 2473 τά
343 2404 381 2473 θλ
409 2407 446 2473 ἐκ
471 2408 529 2493 τῆς
547 2407 770 2494 προαιρέσεως
797 2408 865 2472 τῶν
893 2408 930 2472 ἐκ
956 2408 1015 2492 τῆς
1041 2405 1142 2491 τύχης

82 2531 110 2571 ²⁰
123 2515 240 2603 μακρῷ
270 2510 467 2599 σεμνότερα,
499 2507 562 2580 ούκ
594 2517 685 2579 ἔστιν
717 2508 798 2580 ὅτου
826 2510 985 2598 δεόμενος
1016 2513 1061 2602 τῷ
1090 2538 1142 2579 κε·

122 2620 276 2709 κτημένφ
305 2616 520 2706 φθονήσειεν.
557 2612 575 2685 ὃ
605 2615 647 2705 δή
675 2618 731 2685 καλ
751 2619 862 2708 σαυτῷ
891 2616 1031 2704 μάλιστα
1059 2617 1185 2686 πάν-Ι)

123 2752 194 2794 των
229 2720 392 2814 ὑπάρχειν
428 2721 581 2811 έγνωκώς
622 2730 747 2813 χαίρεις
782 2722 843 2809 μὲν
880 2725 933 2792 ἐπὶ
970 2738 1039 2806 τοῖς
1074 2726 1142 2793 τῶν

125 2829 238 2901 ἀλλων
270 2827 428 2918 ἀγαθοῖς,
461 2827 635 2920 εύφραίνει
667 2832 707 2899 δέ
738 2817 783 2898 σε’
806 2826 847 2898 τά
878 2833 946 2898 τῶν
982 2826 1143 2918 ὑπηκόων

123 2936 383 3026 κατορθώματα·
410 2935 584 3024 καὶτιμὰς
611 2933 662 3005 ἐπ’
693 2933 806 3016 αὑτοῖς
828 2934 886 3017 τὰς
909 2935 970 3024 μέν
989 2939 1142 3024 ἐχαρίσω,

87 3042 184 3126 θτάς
201 3044 240 3114 δέ
267 3041 332 3132 ήδη
351 3045 488 3131 μέλλεις,
516 3039 601 3132 ὑπὲρ
629 3042 666 3111 δὲ
690 3045 790 3110 ἐνίων
818 3043 977 3131 βουλεύῃ·
1004 3045 1060 3112 καὶ
1080 3040 1143 3111 οὑκ

125 3148 254 3241 ἀπόχρη
274 3171 329 3220 σοι
355 3150 482 3231 πόλεως
499 3151 576 3236 μιάς
603 3145 683 3218 οὐδὲ
702 3155 827 3277 έθνρυς
854 3147 930 3230 ἑνὸς
959 3146 1039 3218 ούόλ
1062 3158 1142 3218 πολ-

125 3260 195 3326 λοῖν
223 3253 310 3346 ὁμού
328 3271 398 3339 τοῖς
415 3253 564 3344 φίλοις’
545 3254 648 3345 αρχάς
674 3253 782 3324 καὶ
747 3282 806 3336 τας
834 3252 880 3323 ἐπ’
903 3252 1020 3337 αὑταῖς
1046 3253 1143 3343 τιμὰς

126 3478 142 3527 s
163 3407 389 3529 αλωλἝλλελλ
408 3395 550 3528 ιλ’λιίλλ”
575 3396 757 3562 Qum
777 3411 892 3541 λιειής
910 3396 1143 3538 λλιλιῗλλείλάἱ

127 3547 158 3596 1⁰
174 3542 274 3612 τύχης]
293 3544 391 3610 ψυχῆς
409 3546 433 3591 V
502 3546 534 3595 16
552 3535 655 3602 αύτοις
672 3544 730 3594 VM
794 3547 825 3594 17
844 3543 1051 3660 βασκαίνουσιν
1068 3542 1140 3626 VM]

126 3608 315 3694 βασκαίνουσι
387 3614 419 3663 18
437 3610 488 3679 τῆς
506 3605 594 3679 τύχης
612 3608 648 3679 V]
667 3604 757 3678 τύχης
827 3614 858 3661 19
876 3604 965 3662 τάθὲ
983 3609 1050 3676 VM]
1069 3608 1142 3663 τάθε

126 3673 201 3730 21'
179 3697 217 3733 αν
235 3685 304 3759 post
320 3671 499 3746 φθονήσειεν
522 3679 677 3730 addendum
746 3682 778 3729 22
801 3671 952 3745 ὑπάρχονλ
1022 3682 1054 3728 26
1073 3682 1142 3731 πολ-

128 3743 192 3816 λῶν]
210 3741 367 3807 πολλάςβ.
436 3749 468 3799 27
487 3742 591 3807 αὑταῖς
609 3743 687 3812 Rek]
706 3738 806 3806 αύτοις
