2416 4290
172 551 214 615 28
473 551 618 606 mmm
638 549 888 603 εκεοοιτοωιε

171 679 322 769 συνήθει.
363 677 454 760 ὅπως
472 678 510 747 δέ
528 681 668 748 ἕκαστον
687 676 848 768 ἐπράχθη,
877 677 1088 767 διηγήσομαι.
1128 681 1187 747 θέ-

171 812 229 875 ρος
261 785 322 874 μέν
350 784 413 875 γδιρ
446 775 490 873 ἦν
522 782 669 872 ἀκμάζον
697 790 759 872 ἔτι,
792 783 909 873 συνῄει
938 783 974 852 δὲ
1002 786 1035 865 ἐς
1063 780 1188 854 ταύτὸν

131 890 211 963 Οτδι
239 891 444 981 στρατόπεδα
472 889 559 961 πολὺ
585 889 650 981 πρὸ
677 894 736 979 της
763 895 975 978 μεσημβρίας.
1013 891 1188 978 ἐκπληττό-

171 1026 266 1086 μενοι
295 998 331 1067 δδ
360 1001 396 1066 οί
424 999 576 1086 πολέμιοι
608 995 670 1086 τὴν
698 994 852 1077 εὐταξίαν
884 997 941 1064 καί
968 993 1029 1065 τόν
1061 996 1189 1085 κόσμον

171 1106 226 1174 καλ
259 1103 320 1191 την
352 1100 512 1192 ἡσυχίαν,
545 1100 642 1172 αὐτοὶ
675 1103 712 1172 δὲ
743 1101 866 1191 πλήθει
898 1104 1091 1191 θαυμαστοί
1124 1130 1208 1191 φα·

171 1213 297 1297 νέντες,
329 1207 447 1299 η’ρχετο
480 1209 540 1297 μὲν
573 1207 685 1337 οὐδεὶς
715 1213 773 1298 τῆς
800 1207 920 1297 μάχης,
952 1212 1021 1278 τῶν
1052 1207 1115 1297 μέν
1142 1215 1189 1291 είς

171 1321 334 1405 χεῖραςί
321 1318 406 1385 ίέναι
442 1313 525 1406 πρὸς
552 1314 652 1385 οὕτω
690 1316 1006 1445 παρεσκευασμένην
1042 1315 1190 1405 δύναμιν

172 1420 382 1508 ὀκνούντων,
418 1425 487 1490 των
520 1423 556 1491 δὲ
593 1421 839 1512 περιμενόντων
876 1419 1084 1502 ἐκείνονς”
1062 1448 1189 1527 αρχειν,

172 1525 262 1608 ὅπως
298 1525 504 1655 ἀμυνόμενρι
536 1530 662 1616 μᾶλλον
694 1531 731 1597 ἐν
762 1532 881 1612 πᾶσιν,
914 1524 989 1616 οόχλ
1022 1526 1060 1596 δέ
1092 1520 1189 1599 αὐτοὶ

171 1636 318 1721 πολέμου
346 1661 427 1721 μετα
453 1662 515 1722 την
548 1632 728 1724 είρηνην’
714 1660 872 1723 αρχοντες
904 1648 1051 1721 φανεῖεν.
1096 1635 1189 1717 τέλος

128 1739 211 1809 Βδὲ
240 1736 257 1809 ὁ
286 1743 344 1827 τῆς
371 1743 578 1830 βαρβαρικῆς
605 1743 733 1829 ἐκείνης
760 1742 935 1827 δυνάμεως
961 1736 1106 1829 ἡγεμιόν,
1134 1768 1189 1831 με-

171 1847 295 1934 τέωρος
327 1843 444 1934 ἀρθεὶς
479 1842 564 1937 ὑπὲρ
597 1849 665 1915 τῶν
702 1844 854 1917 ἀσπίδων
891 1847 947 1915 καὶ
983 1845 1190 1934 καταμαθὼν

172 1950 209 2021 τὸ
238 1955 369 2041 πλῆθος
396 1955 433 2020 ἐν
459 1953 563 2039 τάξει,
596 1947 666 2034 οἷος
694 1955 726 2034 ἐξ
761 1958 836 2023 οἵου
864 1954 981 2040 γέγονε
1008 1952 1064 2022 καὶ
1092 1958 1190 2035 ποίας

174 2054 266 2145 ιἰφίει
294 2059 424 2146 φωνάς;
453 2060 683 2149 προδεδόσθαι
711 2063 803 2147 βοῶν
831 2058 989 2141 καὶτοὺς
1017 2054 1101 2148 ὑπὲρ
1129 2062 1189 2129 τοῦ

173 2166 320 2293 πολέμρυ
348 2171 525 2246 πείσαντας
541 2166 762 2293 αίτιιόμενος,
791 2167 972 2257 φεύγειν
960 2163 1041 2235 όίετο
1070 2169 1190 2255 χρῆναι

174 2268 229 2338 διὰ
257 2271 379 2357 τάχους
411 2273 466 2339 καὶ
494 2274 593 2340 τοῦτο
626 2272 732 2360 μόνον
761 2277 796 2341 οί
825 2270 909 2364 πρὸς
936 2277 1105 2361 σωτηρίαν
1133 2269 1190 2361 ιἰρ-

173 2378 367 2463 κέσειν,εί
335 2377 564 2465 εφθήσεται
595 2377 656 2447 τὸν
688 2377 854 2508 ποταμὸν
876 2381 1050 2466 διαβηναι,
1088 2374 1191 2467 ὅσπερ

175 2483 244 2551 ἐστὶ
271 2485 330 2571 τῆς
357 2483 467 2573 χώρας
495 2486 622 2572 ἐκείνης
640 2483 723 2575 πρὸς
749 2512 813 2572 την
835 2481 999 2575 ημετέραν
1026 2482 1105 2574 ὅρος
1133 2481 1192 2574 ἆρ-

173 2603 274 2677 χαῑος.
315 2592 420 2659 ταῦτα
458 2592 653 2677 διανοηθεὶς
689 2593 814 2672 ἐκεῖνος
845 2595 979 2681 πρῶτον
1012 2590 1065 2660 έπλ
1101 2590 1193 2659 πόδα

173 2702 327 2783 σημαίνει
359 2695 422 2783 την
454 2692 685 2786 ἀναχώρησιν,
717 2698 772 2765 καί
804 2696 878 2766 κατ’
909 2693 1024 2783 ὀλίγον
1055 2717 1192 2786 προστι-

119 2818 154 2867 24
172 2802 248 2881 θεὶς
278 2804 325 2894 τῷ
357 2802 449 2888 τάχει
480 2804 573 2883 τέλος
608 2800 674 2891 ἤδη
707 2806 873 2893 καρτερῶς
910 2810 1068 2890 ἔφευγεν,
1105 2809 1193 2891 ἔχων

175 2904 310 2992 ὀλίγους
348 2909 464 2989 ίππέας
496 2904 580 2996 ἄμφ’
619 2905 739 2996 αὑτόν,
775 2908 837 2999 τὴν
873 2910 1019 2997 δύναμιν
1056 2906 1193 2978 ἅπασαν

173 3015 218 3104 τῷ
251 3015 347 3082 παιδί
379 3014 435 3082 καὶ
466 3017 512 3105 τῷ
544 3016 730 3107 πιστοτάτην
762 3020 831 3085 τῶν
868 3023 978 3104 φίλων
1015 3017 1193 3105 ἐπιτρίψας

173 3115 277 3205 όίγειν.
313 3122 418 3188 ταῦτα
447 3116 590 3210 ὁρωντες
617 3118 654 3190 τὸ
674 3122 861 3212 στράτευμα
889 3124 944 3192 καὶ
972 3128 1191 3210 χαλεπαίνον-

172 3250 235 3311 τες,
264 3222 314 3293 ότι
342 3231 507 3314 μηδεμίαν
535 3222 681 3316 ὑπέσχον
708 3231 776 3296 τῶν
803 3231 1054 3318 τετολμημένων
1082 3233 1192 3316 δίκην,

172 3331 282 3418 έβόων
310 3329 404 3418 ἄγειν
423 3330 474 3401 ἐπ’
506 3329 639 3420 αὐτούς,
667 3336 722 3403 καί
741 3336 936 3417 κελεύοντος
955 3336 1068 3423 μένειν
1088 3332 1192 3423 ιἰχθό-

242 3586 257 3634 3
262 3582 433 3663 μεοηβρίοις
451 3586 476 3636 V
545 3588 561 3635 4
580 3592 608 3636 et
626 3587 641 3636 5
659 3583 710 3637 καί
728 3578 780 3638 τόν
798 3580 905 3669 κόσμον
922 3583 973 3638 καλ
990 3602 1045 3651 την
1062 3577 1193 3666 ἡσυχίαν

173 3648 210 3716 V]
234 3645 289 3715 τήν
306 3644 442 3730 ἡσηχίαν
449 3644 547 3704 καλ
517 3668 569 3703 τον
587 3646 695 3735 κόσμον
764 3648 871 3707 ὃοόδὲ
891 3649 933 3715 εἷς
951 3657 976 3706 V
1043 3656 1060 3705 9
1084 3643 1192 3719 ἄμυνό·

172 3709 361 3848 μῆνριιφβεβ
343 3711 525 3785 αμυνοὶμενοι
613 3723 644 3771 12
663 3715 719 3772 όπὲ
722 3714 848 3798 ρῙέπλλ
924 3724 957 3772 14
974 3711 1057 3788 ιἰφίει
1076 3721 1145 3773 Rsk.
1164 3724 1193 3772 et

174 3853 207 3903 25
225 3848 300 3934 μηδὲ
319 3853 389 3919 μίαν
407 3852 460 3936 V]
486 3860 550 3905 ante
570 3853 656 3939 δίκην
675 3856 744 3909 Rsk.
762 3862 790 3908 et
808 3858 835 3907 H
852 3852 906 3924 τὴν
926 3856 1091 3908 deleverunt
1159 3855 1192 3906 20

173 3919 354 3986 κελευοντος]
374 3913 542 3982 κελενοντός
561 3923 634 3977 σουλ

318 3803 331 3844 ς
436 3789 467 3839 19
496 3787 610 3853 πρῶτον
634 3787 678 3855 Η]
698 3803 810 3856 πρωιος
896 3792 929 3841 20
965 3786 1138 3855 προσετίθει
1166 3786 1190 3838 V
