2416 4290
542 108 718 158 fflmmn
1122 111 1138 169 ῑ

118 261 184 315 τος.
233 232 298 319 ἐγὼ
333 233 370 301 δὲ
403 235 550 303 ἐπαινεῖν
582 233 643 321 μὶν
676 230 806 314 ἁπάσας
838 231 941 322 ἔχοιμ’
972 230 1014 302 άν
1046 232 1140 315 άξίας

119 339 226 421 οὔσας
259 338 353 422 άξίας
381 340 437 409 καί
468 343 577 427 τιμῆς,
605 337 694 409 ὀκνῶ
728 340 765 409 δὲ
798 338 841 428 μὴ
875 338 932 408 διά
959 338 997 409 τὸ
1026 344 1139 429 μῆκος,

117 453 150 516 εἰ
181 448 239 516 καί
273 453 369 516 δοκεῖ
398 452 474 514 λίαν
507 452 613 515 οἰκεῖα
644 450 705 516 τοῦ
737 446 904 535 παρόντος
936 446 1055 533 λόγον,
1084 446 1140 519 διδι

116 552 180 623 τὸν
208 551 329 644 καιρὸν
357 549 512 643 άλλότρια
531 556 632 642 φανῇ.
668 557 737 622 τῶν
755 553 816 641 μὲν
840 546 903 622 οὖν
931 551 1042 623 άλλων
1060 552 1140 637 τοὺς

90 662 282 741 ιε’παίνους
315 657 372 729 διδι
403 656 495 728 τοῦτ’
530 656 675 747 ἀφήσειν
706 688 762 748 μοι
795 662 901 745 δοκῶ,
932 662 991 747 τῆς
1014 656 1139 749 Ῥώμης

123 766 162 836 δέ
178 764 215 836 τὸ
233 766 420 854 κεφάλαιον
438 768 507 835 των
534 768 682 835 ἐπαίνων
701 764 811 852 αὐτός,
841 757 866 833 τό
885 769 1036 853 βασιλεῦ,
1060 776 1138 835 συλ-

119 869 236 961 λαβτόν
263 876 302 942 ἐν
328 879 448 962 βραχεῖ
472 874 528 940 καί
557 872 761 942 διδάσκαλον
793 869 911 960 άρετῆς
937 872 1179 961 προσειπόν,0

118 981 167 1071 τῷ
196 981 320 1047 δοῦναι
346 975 385 1047 τὸ
416 978 594 1047 κάλλιστον
621 981 689 1047 τῶν
722 982 910 1066 ἐγκωμίων,
942 976 1022 1060 τοὺς
1049 976 1139 1068 παρὰ

118 1088 191 1153 τῶν
218 1083 329 1154 ἄλλων
357 1084 479 1172 λόγους
507 1082 688 1175 άφῄρησαι.
729 1091 764 1153 τί
788 1083 853 1174 γάρ
880 1086 1017 1173 λέξομεν
1045 1081 1140 1173 ἡμεῖς

75 1224 105 1264 ιο
118 1193 197 1281 περὶ
224 1188 328 1279 αὐτῆς
354 1194 509 1260 τοιοῦτον
537 1194 666 1281 ε’τερονς
698 1196 734 1259 τί
759 1191 796 1259 δὲ
825 1189 924 1272 ἄλλος
954 1216 1005 1272 τις
1032 1197 1140 1261 εἰπεῖν

119 1304 203 1386 ἔχεις
241 1294 326 1366 ὥστε
358 1324 414 1385 μοι
446 1301 535 1367 δοκῶ
569 1297 749 1386 σεβόμενος
781 1297 915 1378 εἰκότως
947 1296 1008 1385 τὴν
1040 1298 1139 1367 πόλιν

118 1404 230 1496 τούτῳ
257 1406 357 1492 τιμάν
388 1400 495 1491 αὐτὴν
522 1406 640 1492 πλέον,
672 1406 718 1497 τῷ
750 1418 962 1507 παραχωρεῖν
989 1423 1042 1473 σοι
1069 1408 1139 1473 τῶν

121 1516 171 1591 εἰς
197 1507 303 1598 αὐτὴν
326 1509 445 1596 λόγων.

190 1630 272 1703 Ἀλλ’
301 1629 386 1724 ὑπὲρ
414 1636 472 1722 τῆς
498 1630 667 1720 εὐγενείας
693 1637 751 1722 της
769 1637 831 1723 σῆς
858 1643 938 1716 ἴσως
966 1632 1061 1715 ἄξιον
1084 1636 1138 1705 ἐπί

80 1762 107 1805 15
119 1744 182 1810 τοῦ
209 1740 377 1830 παρόντος
403 1742 441 1808 ἐν
466 1747 586 1829 βραχεῖ
611 1745 768 1809 διελθεῖν.
814 1737 952 1830 ἀπορεῖν
980 1740 1017 1810 δὲ
1045 1748 1139 1811 ἔοικα

119 1844 309 1934 κάνταῦθα,
336 1846 445 1917 πόθεν
464 1844 627 1936 ἄρχεσθαι
645 1846 716 1936 χρη.
754 1847 922 1937 πρόγονοί
937 1874 971 1916 τε
989 1847 1054 1935 γάρ
1073 1852 1182 1917 εἰσίΙ)

121 1974 175 2023 σοι
205 1954 263 2023 καί
294 1953 424 2023 πάπποι
455 1954 511 2022 καί
543 1967 654 2038 γονεῖς
686 1950 831 2039 άδελφοί
853 1981 889 2023 τε
920 1955 976 2023 καί
1005 1951 1138 2036 άνεψιοί

120 2062 176 2129 καί
195 2062 368 2147 ξυγγενεῖς
387 2066 534 2147 βασιλεῖς
552 2057 705 2146 άπαντες,
733 2057 829 2128 αὐτοὶ
856 2060 1056 2149 κτησάμενοι
1075 2058 1138 2149 τὴν

119 2162 228 2257 ἀρχὴν
247 2166 396 2254 ἐννόμως
414 2162 435 2253 ἢ
454 2165 544 2255 παρά
562 2168 630 2234 τεόν
648 2166 865 2255 κρατούντων
880 2167 1137 2254 εἰσποιηθέντες.

80 2274 175 2342 εοκαί
207 2270 249 2341 τά
281 2272 343 2360 μέν
375 2270 500 2340 παλαιά
530 2278 566 2339 τί
600 2277 654 2341 δεῖ
683 2270 805 2360 λέγειν,
841 2277 1017 2341 Κλαυδίου
1054 2300 1137 2361 μνη-

118 2382 257 2466 σθέντα,
285 2380 341 2448 καὶ
368 2381 426 2467 τῆς
453 2375 571 2466 άρετης
597 2382 656 2466 τῆς
674 2381 804 2449 ἐκείνου
832 2381 956 2469 ἐναργῆ
983 2380 1139 2468 παρέχειν

116 2488 175 2555 καί
203 2485 357 2575 γνώριμα
374 2486 456 2554 πᾶσι
474 2483 643 2574 τεκμήρια,
670 2488 738 2554 τῶν
757 2482 901 2571 άγωνων
929 2484 1025 2575 (των)
1054 2484 1138 2576 πρὸς

117 2590 199 2673 τοὺς
226 2588 312 2680 ὑπὲρ
343 2589 403 2660 τὸν
427 2588 560 2678 Ἴστρον
593 2593 770 2673 οἰκοῦντας
797 2592 990 2681 βαρβάρους
1018 2589 1136 2681 άναμι-

117 2698 327 2787 μνήσκοντα,
353 2699 410 2766 ιιαί
438 2693 528 2778 ὅπως
554 2695 616 2784 τὴν
644 2694 750 2786 ἀρχὴν
778 2694 880 2779 ὁσίως
908 2696 975 2787 ἅμα
1002 2701 1058 2767 καὶ
1086 2704 1173 2767 ‹lt-⁷

74 2810 222 2886 εεκαίως
255 2802 430 2892 ἐκτήσατο,
467 2805 523 2872 καί
554 2800 617 2890 τὴν
649 2806 686 2871 ἐν
723 2811 875 2896 βασιλεία
910 2808 970 2892 τῆς
1007 2811 1137 2894 διαίτης

116 2910 284 3000 λιτότητα,
311 2908 427 2979 καί
394 2937 456 2998 την
484 2907 643 2998 ἀφέλειαν
670 2937 728 3039 της
747 2913 889 3000 ἐσθητος
916 2914 969 2980 ἐπί
996 2939 1064 2981 των
1092 2916 1137 2980 εἰ-

117 3018 231 3087 κόνων
261 3012 435 3107 ὁρωμένην
462 3022 524 3099 ἐτι;
557 3015 598 3085 τά
626 3013 709 3086 δὲ
690 3017 774 3105 νπὲρ
802 3046 870 3087 των
896 3017 1042 3087 πάππων
1069 3044 1138 3085 των

188 3207 355 3284 1ἔχοιμ’
338 3234 376 3269 αν
393 3214 429 3301 Η]
450 3212 544 3285 ἐγοιμι
562 3218 660 3297 wytt„
679 3210 800 3298 εὔχομαι
817 3235 836 3268 v
898 3211 1064 3347 2025!ch
1048 3208 1137 3284 δοξηε·

118 3286 209 3363 Ἦγτῖ.
279 3286 342 3336 δεῖ
360 3289 375 3338 7
394 3299 428 3368 σμ
446 3279 596 3350 συλλαβών
615 3285 683 3342 Rsk,
746 3289 799 3337 9α
779 3281 930 3352 αῄρησαι
946 3283 1004 3332 Rsk
1046 3277 1138 3349 άφαι·

119 3366 205 3418 ρησει
222 3351 284 3412 Vv,
281 3344 457 3432 άῳαιρήτη
480 3353 510 3402 Μ
585 3356 617 3404 10
639 3351 770 3405 τοιοῦτον
810 3370 891 3419 τερον
909 3345 980 3470 VM}
1004 3351 1139 3406 τοιοῦτον

121 3421 154 3469 ll
172 3416 271 3486 μμοι]
401 3421 527 3499 21F9rt
522 3421 782 3502 transponendum
790 3416 944 3499 παρέχειν

118 3485 218 3537 hiatus
172 3413 350 3538 ”tuffam
417 3491 451 3540 λλ
469 3478 589 3553 ιἰγτόνων
608 3505 664 3541 τωο
681 3481 756 3554 Η]’
737 3482 856 3556 affirm
978 3419 1085 3486 ναρῖῆ,
1106 3426 1139 3472 ut

966 3570 1153 3672 fl
