2416 4290
116 547 158 612 26
410 548 554 601 mmm
576 548 828 601 ιαεοοενοαιε

115 676 282 767 πρόσθεν,
314 680 361 758 εἰς
392 671 430 745 τὸ
465 675 642 745 διπλάσιον
673 671 694 764 ῆ
727 676 783 745 καί
815 676 869 744 έπί
901 676 1004 746 πλέον
1032 702 1135 747 κατα·

116 783 252 872 στήσας,
280 784 431 871 ἐμμένων
458 780 494 851 δέ
524 779 616 870 οἶμαι
638 795 709 862 τοῖς
732 778 882 871 άρχαίοις
904 780 991 871 πλῆν
1013 791 1048 851 εἰ
1066 807 1134 853 που

115 887 198 980 πρὸς
225 886 332 980 βραχί
360 889 416 958 καί
443 887 534 979 πρὸς
554 885 712 977 εὔκαιρον
739 891 839 976 ἐχρῆν
866 889 1051 958 αἰσθέσθαι
1074 894 1135 958 θα·

115 996 354 1086 πανηροτέρων
380 996 450 1063 τῶν
477 994 776 1084 λειτουρνημάτων.
822 996 860 1063 έν
891 994 1039 1084 τοσαύτη
1068 995 1132 1085 (τε)

63 1115 97 1167 22
116 1100 196 1183 τούς
219 1102 502 1191 στρατευομένους
525 1094 603 1189 ῆχες
626 1097 794 1191 άφθονίμ,
819 1096 864 1181 ὥς
881 1101 961 1191 μήτε
983 1097 1159 1193 ὑβρίξεινε

115 1212 162 1302 τῷ
189 1208 278 1300 κόρῳ
306 1208 386 1299 μήτε
413 1203 479 1277 ὑπὸ
507 1211 565 1296 τῆς
598 1209 728 1288 ἐνδείας
759 1216 959 1296 πλημμελεῖν
986 1204 1135 1295 άναχκα-

116 1318 252 1403 σθῆναι.
290 1312 403 1385 ὅπλων
432 1314 469 1383 δέ
495 1314 551 1383 καί
579 1317 690 1383 ἵππων
717 1310 935 1404 παρασκευήν
962 1315 1019 1383 καί
1047 1316 1136 1385 νεῶν

116 1424 184 1490 τῶν
202 1427 375 1509 ποταμίων
394 1422 449 1489 καί
469 1419 714 1508 μηχανημάτων
737 1421 793 1488 καί
811 1422 880 1488 τῶν
897 1417 1009 1490 άλλων
1028 1416 1135 1490 άπάν-

116 1553 185 1596 των
208 1525 246 1596 τὸ
270 1529 401 1615 πλῆθος
423 1529 532 1616 σιωπῆ
554 1526 689 1616 κατέχω.
726 1527 796 1595 ἐπεί
819 1525 856 1594 δὲ
884 1523 925 1595 τά
947 1530 1007 1615 τῆς
1028 1551 1134 1618 παρα-

117 1636 240 1720 σκευῆς
266 1633 359 1713 τέλος
382 1630 448 1720 εἰχε
466 1634 521 1702 καί
540 1637 608 1702 ἔδει
630 1635 776 1723 χρῆσθαι
798 1646 868 1714 τοίς
889 1644 1135 1724 προρρηθεῖσιν
1148 1662 1173 1704 ιο

117 1743 165 1820 εἰς
192 1741 286 1826 θέον,
320 1738 495 1825 έζεάγνυτο
527 1738 589 1826 μέν
618 1735 635 1809 ὁ
667 1745 790 1830 Τίγρης
823 1743 939 1830 σχεδία
966 1739 1135 1827 πολλάκις,

117 1842 207 1935 ῆρθη
236 1844 273 1914 δὲ
301 1842 352 1914 ἐπ’
383 1841 473 1938 αὐτῷ
501 1845 665 1935 φρούρια,
697 1847 753 1914 καί
780 1848 848 1913 τῶν
880 1851 1049 1934 πολεμίων
1076 1842 1134 1916 οά-

75 1953 189 2032 Βθείς
217 1950 397 2040 ἐτόλμησεν
425 1948 550 2040 άμῦναι
576 1955 616 2041 τῆ
644 1950 735 2042 χάρη
762 1953 997 2041 πορθουμένη,
1025 1950 1134 2021 πάντα

119 2057 156 2127 δὲ
183 2054 262 2144 παρ’
292 2052 377 2145 ἡμᾶς
404 2054 501 2146 ῆχετο
529 2053 693 2127 τάκείνων
720 2054 844 2145 ἀγαθά,
871 2061 940 2127 τῶν
967 2056 1029 2146 μέν
1054 2054 1134 2128 οὐδὲ

118 2168 165 2245 εἰς
192 2178 303 2253 χεῖρας
335 2165 422 2232 ἰέναι
448 2162 662 2252 τολμοάντων,
693 2167 761 2233 τῶν
793 2167 1064 2255 θρασυνομένου
1097 2163 1133 2234 δὲ
1147 2191 1174 2233 τε

118 2266 196 2359 παρ’
233 2266 317 2338 αὐτά
348 2267 411 2357 τῆν
442 2278 606 2360 τιμωρίαν
642 2266 869 2358 ὑποσχόντων.
919 2269 956 2340 τὸ
990 2269 1053 2359 μέν
1091 2268 1133 2359 ἰῆ

117 2375 302 2463 κεφάλαιον
328 2378 397 2444 τῶν
424 2381 471 2457 εἰς
497 2375 559 2464 τήν
586 2383 747 2465 πολεμίαν
779 2379 942 2462 εἰσβολῶν
969 2378 1135 2447 τοιοῦτον.

118 2478 198 2552 καθ’
229 2485 370 2550 ἕκαστον
397 2480 461 2574 γάρ
490 2484 651 2565 ἐπεξιέναι
677 2489 727 2565 τίς
754 2479 798 2552 άν
825 2479 925 2564 άξίως
953 2485 990 2551 ἐν
1018 2489 1138 2573 βραχεῖ

117 2588 205 2681 λόγῳ
236 2593 412 2677 δυνηθείη,
439 2592 508 2658 τοῖν
535 2587 598 2678 μέν
623 2587 682 2671 τάς
709 2587 886 2679 συμφοράς
913 2591 981 2658 τῶν
1009 2588 1047 2658 δὲ
1075 2586 1135 2671 τάς

117 2691 284 2785 ἀριστείας
316 2691 626 2786 άπαρυθμοάμενοςς
657 2697 821 2765 τοσοῦτον
854 2694 891 2764 δὲ
918 2704 999 2777 ἰσως
1026 2700 1175 2765 εἰπεῖν»

76 2797 161 2869 Cor)
188 2800 348 2887 χαλεπόν,
381 2797 432 2869 ὅτι
458 2801 616 2884 πολλάκις
647 2800 708 2871 τὸν
735 2800 885 2890 ποταμὸν
918 2803 1049 2871 ἐκείνου
1077 2826 1135 2871 πε-

120 2906 278 2994 ραιωθείς
305 2904 367 2986 ξὺν
393 2911 439 2999 τῷ
468 2908 685 2998 στρατεύματι
716 2908 772 2976 καί
804 2906 913 2978 πολὺν
941 2910 977 2976 ἐν
1004 2911 1045 2998 τῆ
1074 2933 1134 2976 πο-

118 3016 214 3102 λεμίηι
250 3016 369 3100 τρίψας
404 3013 543 3102 χρόνον,
580 3011 728 3106 λαμπρὸς
765 3013 919 3103 έπανήεις
955 3029 1026 3096 τοίς
1057 3041 1135 3105 τρο·

118 3124 244 3204 ποίοις,
286 3113 345 3198 τάς
381 3117 438 3188 διά
483 3121 520 3188 σὲ
556 3120 668 3202 πόλεις
708 3122 887 3210 ἐλευθέρας
931 3118 1036 3190 ἐπιὼν
1077 3122 1134 3191 καί

118 3223 330 3313 χαριζόμενος
357 3226 494 3315 εἰρήνην
521 3228 577 3296 καί
604 3231 766 3315 πλοῦτον,
793 3226 903 3296 πάντα
931 3223 1068 3317 άθρόως
1093 3224 1169 3297 τὰττ

186 3452 200 3499 1
219 3443 401 3513 καταστήσας
420 3448 548 3516 Schaef.]
569 3447 755 3517 κατέστησας.
783 3450 896 3502 Delevit
913 3450 983 3506 Rak.
1053 3454 1070 3504 3
1089 3440 1134 3503 εὖ·

116 3505 387 3636 καλλίονα
404 3519 441 3581 ‘⁷²
464 3518 546 3637 ον
563 3514 718 3645 νυν
739 3516 863 3637 νοω
881 3516 1134 3638 καίουσα

117 3654 168 3702 324
182 3652 211 3702 C.
249 3649 361 3716 Πίχρης
385 3653 511 3717 (librarii
534 3603 639 3717 εγτῆοοε,
663 3655 774 3719 opinor,
797 3624 846 3717 ήοο
874 3653 1000 3720 Τίγρης)
1022 3653 1133 3704 Iuliano

117 3720 247 3769 tribuitur
260 3718 294 3769 ab
306 3721 455 3774 Eustathio
468 3721 504 3770 ad
517 3720 631 3784 Dionys.
643 3737 669 3773 v.
683 3723 733 3773 976
789 3710 930 3787 12ῆρέθη
944 3723 977 3785 V,
996 3712 1050 3788 ῆρέ
1106 3719 1135 3770 M

119 3788 150 3835 16
168 3780 345 3852 παραυτάλί
416 3789 448 3838 18
465 3783 520 3854 γάρ
539 3789 629 3842 om.V
698 3783 951 3854 19ῆτῶνμλνί
1019 3791 1055 3840 20
1093 3805 1136 3854 ρι-

118 3852 214 3971 ρῖτείας
245 3870 295 3904 om.
327 3860 359 3909 V.
395 3854 399 3920 Ι
436 3845 652 3921 άριθμοάμενος
682 3857 706 3909 V
791 3858 825 3907 24
861 3848 911 3908 διὰ
942 3850 973 3908 τὶ
1003 3850 1134 3923 schusen]

138 3938 170 3973 ια
192 3935 222 3973 σε
