2416 4290
108 415 150 479 32
409 415 552 467 IULIANI
573 413 823 466 IMPERATORIS

110 538 193 633 ὑπὲρ
220 544 288 610 τῶν
306 540 467 630 μειζόνων
486 539 606 631 καιρὸν
625 539 799 628 ἀναλιόσω,
827 539 1029 631 πειράσομαι
1056 548 1124 608 λοι-

108 648 174 718 πὸν
201 647 238 718 τὸ
272 647 353 736 μετὰ
384 651 482 718 τοῦτο
515 647 675 738 περιστάν
707 644 793 736 ήμάς
819 650 888 717 τῶν
920 645 1126 737 πραγμάτων

109 757 240 842 πλήθος
381 756 437 824 καὶ
478 757 546 823 τῶν
586 754 759 824 κινδύνων
798 751 836 823 τὸ
874 754 1033 842 μέγεθος,
1069 752 1126 821 καὶ

111 859 200 942 ὅπως
231 858 355 930 ἀπασιν
383 858 550 949 ἀντισχὼν
577 861 755 951 τυράννων
782 859 844 948 μὲν
870 862 1015 949 πλῆθος,
1043 866 1125 949 βαρ-

109 968 226 1057 βάρων
254 967 291 1035 δέ
324 969 448 1056 ἐκρέμω
482 966 648 1054 δυνάμεις.
694 959 737 1055 ήν
769 966 830 1055 μέν
862 964 927 1057 γὰρ
956 961 974 1035 δ
1001 962 1150 1055 χειμώνσ

110 1070 160 1143 ἐπ’
191 1073 318 1155 ἐξόδοις
350 1071 431 1161 ήδη,
465 1076 561 1142 ἕκτον
593 1100 659 1143 που
692 1072 832 1161 μάλιστα
864 1070 945 1161 μετὰ
976 1069 1038 1143 τὸν
1065 1070 1125 1141 πό-

109 1189 210 1268 λεμον
247 1186 333 1267 ἔτος,
372 1171 415 1249 οὗ
446 1183 552 1272 μικρῷ
588 1179 739 1270 πρόσθεν
771 1180 960 1269 ἐμνήσθην,
996 1169 1056 1267 ήκε
1088 1178 1125 1248 δέ

70 1283 281 1373 Οάγγέλλων
308 1313 367 1373 τις,
396 1281 440 1368 ὡς
464 1292 609 1355 Γαλατία
638 1286 699 1374 μὲν
722 1288 967 1374 συναφεστῶσα
994 1287 1041 1378 τῷ
1068 1310 1124 1354 τν-

110 1394 223 1484 ράννηι
257 1389 391 1485 ἀδελφῷ
424 1396 469 1485 τῷ
503 1395 550 1484 σῷ
589 1392 770 1480 ἐβούλευσέ
798 1420 833 1462 τε
865 1394 921 1462 καὶ
958 1393 1124 1461 ἐπετέλεσε

108 1498 169 1568 τὸν
197 1498 317 1587 φόνον,
346 1497 415 1568 είια
444 1494 488 1580 ὦς
512 1497 633 1568 Ἰταλία
659 1501 715 1569 καὶ
739 1505 876 1569 Σικελία
902 1505 1164 1587 κατείληπται,ῑσ

108 1603 150 1674 τδι
178 1605 215 1674 δέ
243 1607 280 1674 ἐν
304 1603 477 1696 Ἰλλυριοῖς
510 1604 715 1695 στρατόπεδα
746 1609 948 1694 ταραχωδῶς
974 1610 1041 1694 ἔχει
1068 1606 1125 1675 καὶ

109 1713 248 1800 βασιλέα
276 1715 374 1800 σφων
393 1710 541 1793 ἀπέδειξε
568 1709 629 1781 τὸν
651 1713 732 1794 τέως
751 1709 937 1802 στρατηγὸν
955 1708 1126 1800 ἀντισχεῖν

108 1820 269 1888 ἐθέλοντα
297 1818 380 1908 πρὸς
406 1817 468 1907 τήν
496 1816 625 1907 ἀμαχον
653 1823 824 1888 δοκοῦσαν
850 1821 918 1888 τῶν
944 1818 1125 1909 τυράννων

109 1924 229 2014 φοράν.
268 1927 389 1994 ίκέτευε
409 1925 446 1995 δέ
474 1922 575 2005 αὐτὸς
603 1916 700 2006 οὗτος
727 1925 876 2015 χρήματα
902 1926 1045 2014 πέμπειν
1067 1925 1125 1994 καί
1161 2008 1165 2017 ¹

109 2031 255 2119 δύναμιν
282 2029 345 2119 τήν
372 2031 629 2119 βοηθήσουσαν,
663 2030 797 2121 σφόδρα
824 2027 907 2121 ὑπὲρ
935 2026 1042 2100 αὑτοῦ
1070 2035 1123 2101 δε·
1138 2050 1164 2095 ισ

109 2135 189 2219 διὼς
216 2138 272 2206 καὶ
299 2139 439 2227 τρέμων,
467 2136 511 2226 μή
530 2135 614 2228 πρὸς
641 2141 709 2206 τῶν
727 2136 904 2227 τυράννων
931 2144 1125 2228 κρατηθείη.

64 2245 164 2312 Βκαὶ
196 2246 278 2325 τέως
310 2243 371 2332 μέν
404 2246 618 2332 ἐπηγγέλλετο
651 2242 692 2312 τά
723 2243 936 2333 προσήκοντα
973 2243 1125 2335 δράσειν,

109 2347 266 2439 οὐδαμῶς
285 2345 390 2419 αὑτὸν
418 2347 522 2431 ἀξιῶν
539 2353 598 2439 τής
626 2348 738 2441 ἀρχῆς,
767 2352 947 2439 ἐπίτροπον
974 2350 1012 2419 δέ
1031 2349 1125 2439 οἶμαι

107 2455 228 2526 πιστὸν
255 2459 311 2526 καὶ
339 2457 473 2545 φύλακα
501 2457 655 2546 παρέξειν
682 2456 977 2544 ἐπαγγελλόμενος·
1011 2462 1125 2545 ἔμελλε

108 2562 146 2632 δέ
183 2561 245 2634 οὐκ
281 2569 329 2645 είς
365 2561 496 2654 μακρὰν
532 2560 669 2644 ἀπιστος
710 2572 894 2651 φανεῖσθαι
930 2564 987 2632 καὶ
1024 2568 1162 2651 δίκηνθῖ

107 2664 243 2756 ὑφέξειν
285 2671 340 2738 καὶ
382 2670 637 2758 φιλάνθρωπον.
681 2671 786 2738 ταῦτα
826 2668 1019 2757 πυθόμενος
1060 2667 1124 2739 οὐκ

108 2772 178 2866 ςόου
206 2780 279 2843 δεῖν
307 2777 344 2843 ἐν
371 2775 526 2865 ῥᾳστώνη
553 2778 658 2865 πολλή
685 2774 746 2845 τὸν
778 2775 903 2865 χρόνον
930 2773 1124 2845 ἀναλίσκειν

107 2880 223 2969 μάτην.
265 2878 348 2950 ἀλλά
374 2880 432 2962 τὰς
459 2881 519 2969 μὲν
547 2883 600 2951 ἐπὶ
627 2884 667 2972 τῇ
695 2888 807 2973 Συρίη
834 2881 948 2963 πόλεις
974 2909 1122 2971 μηχανη-

107 2986 221 3075 μάτων
248 2989 303 3056 καὶ
332 2991 484 3078 φρουρᾶς
511 2990 567 3058 καὶ
596 2995 691 3058 σίτου
718 2990 774 3058 καὶ
801 2990 860 3076 τῆς
887 2985 988 3077 ἀλλης
1015 3014 1121 3079 παρα-

107 3097 228 3181 σκευῆς
256 3089 413 3182 [ἀπάσης]
443 3093 622 3183 ἐμπλήσας,
654 3096 710 3164 καὶ
743 3092 839 3164 ἀπὼν
871 3090 1024 3184 ἀρκέσειν
1051 3110 1122 3177 τοῖς
1135 3113 1159 3155 2⁵

191 3250 207 3298 3
234 3245 360 3311 πλῆθος]
383 3248 527 3298 Lacunam
550 3247 746 3317 animadveqtit
773 3249 849 3307 Pet„
878 3247 1051 3314 διηγεῖσθαι
1077 3246 1122 3298 vel

107 3309 248 3378 διεξιέναι
271 3316 409 3368 excidisse
432 3320 513 3380 putat
535 3315 603 3368 Rsk.
677 3319 693 3368 6
716 3310 812 3382 ἕκτον]
836 3316 898 3369 Vid.
923 3315 1058 3366 Harduin.
1087 3314 1122 3365 εδ

106 3383 239 3434 Themist.
254 3400 279 3448 p.
292 3384 342 3433 499
361 3386 403 3437 ed.
415 3384 498 3434 Dind.
551 3382 674 3453 ἵμικρῷ
693 3381 733 3450 Μ]
754 3378 856 3449 μικρόν
908 3373 1118 3453 9τάδελφῷῖ1

106 3442 251 3503 ἐπετέλεσε
270 3451 295 3502 V
328 3446 437 3504 ἐτέλεσε
519 3452 550 3501 12
569 3457 597 3502 et
620 3454 652 3503 13
675 3445 822 3518 ἀντισχεῖν
845 3445 896 3503 τόν
918 3442 1061 3502 ἐθέλοντα
1082 3451 1113 3500 Μ

106 3512 253 3585 ἀντισχεῖν
275 3534 328 3571 ουκ
351 3513 493 3572 ἐθέλοντα
515 3519 577 3569 Pet.
596 3520 625 3569 iu
644 3519 687 3573 ed.
705 3520 732 3569 fl.
803 3521 835 3570 15
857 3517 934 3585 βοηθ
949 3511 1065 3570 ’σουσαν
1081 3486 1120 3585 VI

107 3583 276 3652 βοηθοῦσαν
303 3586 308 3654 l
335 3578 426 3640 αιἰτοῑι
444 3587 502 3637 VM
589 3589 620 3638 18
641 3578 731 3638 αὐτόν
749 3587 808 3637 VM
887 3588 919 3637 21
936 3534 1040 3652 ἐμελλε
1057 3591 1121 3652 post

105 3645 230 3718 ὑφέξειν
258 3657 359 3722 repetit
387 3655 411 3705 V
447 3652 451 3718 Ι
488 3651 553 3719 καί]
584 3653 678 3706 καίτοι
712 3655 793 3717 Βιλι,
825 3650 876 3705 καὶ
908 3653 963 3705 del.
998 3655 1060 3704 Pet.
1091 3653 1119 3702 iu

105 3721 145 3770 ed,
165 3722 190 3772 fl.
243 3723 276 3772 23
294 3719 345 3783 τοὶς
363 3717 415 3788 μὲν
434 3719 467 3787 V]
487 3716 539 3780 τὰς
559 3721 563 3787 Ι
584 3721 618 3787 τή
638 3721 733 3790 Συρία
751 3721 819 3789 VM]
842 3720 937 3792 Συρία
994 3722 1028 3772 25
1044 3710 1118 3773 ἀκά·

106 3803 156 3856 σης
175 3804 225 3839 0m.
243 3789 268 3839 V
