2416 4290
543 415 680 469 οιιιτιο
699 418 721 467 1.
1103 416 1142 481 ιη

117 545 220 632 λόγον
258 558 332 625 τοῖς
370 539 508 631 ἡγεμόσι
544 546 612 612 τάν
654 540 772 612 άλλων.
827 551 933 612 καίτοι
970 547 1040 624 πῶς
1079 542 1141 614 οὐκ

117 650 242 739 εὔηθες
274 647 433 719 ἀπαιτεῖν
458 650 524 737 ’μὲν
557 646 675 738 άρετῆς
706 652 849 737 μέγεθος
886 648 1141 740 άνυπίρμλητον

117 755 209 848 παρὰ
226 760 296 825 τάν
316 753 503 847 ἀρχόντων,
526 770 686 844 προνοεῖν
706 756 743 824 δὲ
762 759 878 845 μηδέν,
898 754 987 837 ὅπως
1007 764 1140 826 ἔσονται

118 868 187 933 τῶν
219 866 357 933 πολλῶν
391 865 620 950 διαφίροντεςς
658 863 714 930 καὶ
746 878 817 943 τοῖς
848 863 910 951 μὲν
946 863 1140 951 βαρβάροις,

96 967 247 1040 εᾶπασιν
275 972 313 1037 ἐν
340 972 443 1061 κοινῷ
471 972 528 1057 τῆς
561 965 663 1057 ἀρχῆς
689 968 812 1056 ταύτης
842 972 1075 1056 προκειμένοις.
1102 970 1140 1039 τὸ

121 1075 183 1166 τῆν
211 1078 402 1164 ἐπιμέλειαν
419 1078 487 1143 τῶν
513 1072 611 1162 ῆθοόν
631 1070 751 1162 ὁμοίαν
770 1081 945 1161 γίγνεσθαι
976 1077 1141 1163 παράσχοι

121 1181 341 1271 συνγνώμην·
373 1179 434 1250 τὸν
461 1184 664 1268 Λυκοῦργον
693 1180 730 1250 δὲ
756 1196 826 1262 τοῖς
854 1177 914 1267 άφ’
941 1178 1184 1267 ἩρακλεόυςΙ)

120 1287 368 1377 άστυφέλικτον
391 1285 452 1376 τῆν
470 1294 645 1375 βασιλείαν
669 1288 937 1375 διαφυλάττοντα
966 1290 1051 1375 [καὶ]
1080 1315 1140 1375 μη-

121 1402 243 1484 δεμίαν
261 1391 431 1485 ὑπεροχῆν
449 1397 487 1463 ἐν
504 1408 577 1474 ταῖς
592 1396 789 1481 ἐπιμελείαις
807 1398 876 1462 τῶν
889 1396 978 1463 νέων
997 1390 1142 1481 εὑρόντα

84 1528 108 1567 ω
121 1502 259 1591 σφόδρα
286 1499 330 1569 άν
357 1528 407 1582 τις
434 1500 569 1581 εἰκότως
596 1502 767 1588 μέμψαιτο.
805 1498 885 1569 οὐδὲ
913 1499 977 1588 γάρ
1001 1506 1032 1568 εί
1058 1501 1140 1569 πάν-

120 1637 181 1689 τας
213 1612 504 1694 Λακεδαιμονίους
535 1604 683 1693 ἀθλητάς
716 1604 833 1696 άρετῆς
865 1609 919 1675 καλ
955 1614 1141 1696 τροφίμους

123 1713 205 1807 ᾤετο
236 1719 308 1783 δεῖν
336 1711 436 1799 εἶναι,
470 1716 528 1802 τῆς
555 1723 629 1800 ίσης
661 1710 778 1794 άξιοῦν
805 1716 906 1800 ἐχρῆν
932 1716 1059 1800 τροφῆς
1086 1714 1141 1780 καλ

122 1826 275 1901 παιδείας
301 1817 382 1901 τοὺς
410 1819 544 1900 ἰδιώτας
561 1834 631 1899 τοῖς
658 1818 830 1907 άρχουσιν.
870 1816 888 1905 ι’,
913 1818 976 1908 γάρ
1005 1818 1140 1907 τοιαύτη
1162 1830 1194 1878 15

123 1925 207 1997 κατὰ
235 1923 356 2016 μικρὸν
388 1921 603 2013 ὑποδυομένη
637 1925 804 2013 συνῆθειοι
835 1940 907 2006 ταῖς
938 1940 1061 2013 ψυχαῖς
1088 1927 1141 1992 ἐν-

88 2049 231 2103 ιετεκεῖν
262 2028 450 2122 ὑπεροψίαν
482 2035 550 2101 τάν
586 2032 799 2122 κρειττόνων·
838 2030 923 2113 ὅλως
959 2030 1022 2120 γάρ
1061 2028 1142 2099 οὐδὲ

124 2146 314 2227 κρείττονας
347 2141 523 2225 νομιστέον
551 2136 632 2219 τοὺς
664 2136 706 2207 οὐ
734 2137 780 2206 δι’
811 2136 931 2227 άρετῆν
959 2137 1142 2228 πρωτεύειν

124 2246 295 2335 λαχόντας.
340 2247 440 2313 τοῦτο
474 2244 511 2313 δὲ
544 2242 636 2332 οἶμαι
669 2246 723 2313 καὶ
752 2246 963 2333 Σπαρτιάτας
996 2253 1141 2331 χαλεπω-

125 2353 240 2441 τέρους
278 2348 445 2439 άρχθῆναι
481 2366 551 2431 τοῖς
591 2355 765 2439 βασιλεῦσι
800 2367 935 2441 παρεῖχε
975 2350 1142 2430 πολλάκις.

126 2458 283 2547 χρήσαιτο
317 2453 349 2525 δ’
385 2453 429 2524 άν
460 2484 510 2538 τις
543 2473 646 2546 σαφεῖ
674 2464 838 2548 τεκμηρίῳ
871 2460 939 2524 τάν
967 2458 1141 2542 ῥηθέντων

93 2568 163 2655 ντῆ
181 2563 390 2653 Λυσάνδρου
417 2561 501 2653 πρὸς
522 2560 718 2651 Ἀγησίλαον
746 2570 917 2652 φιλοτιμίη
944 2563 997 2630 καὶ
1028 2558 1181 2641 άλλοιςΒ

125 2677 287 2758 πλείοσιν,
315 2666 419 2739 ἐπεάν
445 2666 486 2738 τά
513 2674 728 2760 πεπραγμένα
746 2685 815 2750 τοῖς
843 2667 1017 2759 ἀνδράσιν.
1043 2664 1142 2735 ’άλλά

74 2804 76 2813 ·
126 2792 193 2860 τοῖς
230 2775 293 2865 μὲν
325 2772 345 2864 ἡ
383 2782 532 2845 πολιτεία
564 2776 633 2867 (τὰ)
672 2774 755 2864 πρὸς
793 2773 913 2864 άρετῆν
951 2773 1143 2865 άρκοάντως

126 2882 438 2973 παρασκευάζουσα,
467 2888 498 2951 εί
522 2883 578 2951 καλ
606 2883 711 2970 μηδὲν
744 2885 908 2971 διαφέρον
936 2880 1142 2968 ἐπιτηδεύειν

126 2992 243 3060 ἐδίδου
271 2992 338 3058 των
365 2991 509 3076 πολλῶν,
537 2986 620 3058 άλλά
638 2987 675 3058 τὸ
703 2997 817 3069 καλοῖς
843 2986 1008 3075 κάγαθοῖς
1037 2983 1141 3075 ὑπάρ-

92 3118 195 3186 ιιχειν
232 3111 389 3185 παρεῖχεν
425 3092 585 3185 άνδράσι·
627 3099 871 3184 Καρχηδονίων
912 3094 949 3163 δὲ
986 3090 1066 3162 οὐδὲ
1102 3089 1143 3159 τά

125 3202 224 3274 κοινά
251 3205 320 3271 τῶν
348 3202 616 3291 ἐπιτηδευμάτων
635 3205 783 3271 ἐπαινεῖν
808 3200 910 3283 ἄξιον.
948 3199 1142 3282 ἐξελαύνον-

127 3336 179 3392 τες
207 3308 273 3399 γόιρ
300 3311 368 3378 τεόν
387 3312 504 3379 οίκιάν
522 3313 558 3379 οί
582 3324 692 3395 γονεῖς
711 3306 790 3390 τοὺς
816 3312 939 3389 παῖδας
967 3308 1142 3374 ἐπίταττον

192 3463 256 3511 δοῖ
273 3462 289 3510 6
308 3457 359 3510 τοῦ
377 3452 432 3527 τῆν
449 3452 526 3525 ἐπιμ.
544 3476 567 3514 τ,
586 3450 638 3526 ῆθ.
657 3451 703 3524 ὁμ.
721 3459 796 3526 ηίχν.
816 3450 975 3576 παράσῆοις
994 3444 1143 3529 άνηειιιμί·

126 3532 206 3579 eatur
227 3526 340 3578 Schaef.
411 3522 500 3579 ῖτόν
517 3525 685 3595 Λυκοῦργον
709 3523 743 3579 δὲ
763 3525 797 3592 V]
820 3522 913 3577 τόνδ
949 3517 1141 3588 Λνκουρχονῆ

124 3586 270 3677 ῆραιιλένε
291 3594 317 3645 V
400 3599 417 3647 8
439 3592 489 3647 καλ
515 3596 660 3647 delendum
687 3595 806 3648 videtur.
845 3595 882 3642 cf.
904 3592 942 3673 φά
967 3591 1047 3668 471),
1127 3592 1143 3641 8

125 3678 165 3781 ρη
196 3658 231 3714 δὲ
257 3660 329 3726 μίαν
350 3666 409 3716 VM
495 3665 528 3714 14
553 3655 696 3729 ἐντεκεῖν]
726 3656 856 3713 ἐνέτεκεν
878 3661 980 3722 λλμαν,
1010 3672 1143 3731 πεφνκεν

140 3731 257 3782 ντειιεῑν
273 3732 334 3783 Pet.
397 3734 430 3783 21
449 3724 592 3796 άνδράσιν
609 3726 678 3797 VM]
699 3724 822 3794 άνδράσι
886 3728 918 3775 22
936 3718 972 3775 τά
990 3730 1054 3775 ante
1073 3740 1144 3788 προς

127 3796 236 3861 adjecit
253 3798 340 3862 wytt.

182 3898 290 3939 nunu·
302 3900 321 3940 1.
915 3881 930 3928 2
