2416 4290
74 39 170 277 ΙΙ
168 39 182 253 .,Ι
191 39 206 247 *l
221 222 226 231 ¹

543 375 680 429 onfflo
698 376 720 431 1.
1098 375 1140 441 χχ

119 498 185 572 ύπὸ
203 505 266 591 τῆς
295 499 454 590 εὐτυχίας
471 502 702 593 φρονήσαντας
730 508 781 584 τίς
799 502 837 573 δὲ
865 504 1053 593 ἐπαρθέντα
1071 518 1142 587 τοῖς

120 607 364 698 κατορθώμασι
396 608 569 692 τοσούτοις
597 607 648 697 [τὸ
676 611 822 698 πλῆθος]
851 613 906 679 καί
934 610 1142 698 τηλικούτοις

121 718 157 785 έν
193 722 317 805 βραχεῖ
355 714 465 808 χρόνῳ
507 718 711 804 χευομένοις;
754 713 836 785 ἀλλὰ
873 714 934 786 τὸν
971 723 1141 786 Φιλίππου

122 823 230 910 φασὶν
255 819 491 912 Ἀλέξανδρον,
519 819 632 910 ἐπειδὴ
660 820 722 912 τὴν
749 826 892 913 Περσων
919 832 1053 893 καθεῖλε
1082 823 1141 893 βύ-

99 955 240 1016 ιναμιν,
282 925 326 998 ού
358 928 465 1017 μόνον
505 927 567 1017 τὴν
603 926 708 1018 ἀλλην
749 934 882 999 δίαιταν
914 927 997 1017 πρὸς
1038 927 1142 1016 όγκον

122 1042 255 1124 μείζονα
283 1036 340 1104 καλ
359 1041 436 1104 λίαν
455 1038 585 1123 έπαχθη
612 1051 682 1117 τοῖς
708 1037 811 1105 πᾶσιν
833 1032 1023 1125 ὑπεροψίαν
1045 1063 1141 1123 μετα-

122 1148 254 1229 βαλεῖν,
287 1138 360 1211 ἀλλ’
394 1139 459 1230 ἤδη
491 1143 547 1210 καὶ
578 1144 640 1211 τοῦ
677 1141 850 1231 φύσαντος
881 1138 1052 1231 ὑπερορᾶν
1084 1143 1140 1210 καλ
1159 1168 1195 1219 4η

123 1250 178 1335 τῆς
216 1243 438 1339 ἀνθρωπίνης
474 1243 604 1335 ἀπάσης
641 1247 783 1336 φύσεως.
834 1244 931 1336 ἠξίου
967 1245 1032 1338 χάρ
1069 1246 1144 1330 υίὸς

115 1350 306 1442 Ἄμμωνος,
342 1350 415 1424 ἀλλ’
451 1351 494 1424 ού
531 1360 701 1425 Φιλίππου
738 1361 946 1443 νομίζεσθαι,
982 1355 1038 1424 καὶ
1075 1358 1143 1424 τοῖν

89 1490 111 1530 ιο
123 1462 468 1550 συστρατευσαμένων
495 1457 571 1531 ὅσοι
588 1459 633 1549 μὴ
652 1461 846 1531 κολακεύειν
864 1462 948 1552 μηδὲ
967 1460 1143 1531 δουλεύειν

121 1563 308 1654 ἠπίσταντο
349 1569 417 1636 τῶν
458 1566 654 1637 ἑαλωκότων
694 1568 892 1657 πικρότερον
938 1568 1141 1651 έκολάζοντο.

121 1669 207 1742 ἀλλά
239 1676 305 1742 σού
337 1701 375 1762 με
406 1676 464 1761 τῆς
496 1679 544 1755 είς
574 1673 634 1744 τὸν
666 1676 791 1765 πατέρα
823 1678 918 1763 τιμῆς
950 1666 1015 1764 ἀρα
1048 1672 1142 1756 ἀξιον

121 1781 276 1849 ἐνταῦθα
307 1783 512 1869 μεμνησθαις
545 1778 587 1850 όν
614 1777 677 1850 οὐκ
709 1784 779 1872 ίθίηι
811 1781 920 1869 μόνον
952 1779 1142 1869 σεβόμενος,

121 1882 174 1955 ἀεὶ
209 1885 248 1956 δὲ
280 1888 318 1955 έν
349 1902 419 1969 τοῖς
454 1901 581 1969 κοινοῖς
619 1885 796 1974 συλλόγοις
828 1889 981 1970 διετέλεις
1017 1884 1141 1975 ἀνακη-

83 2021 108 2063 15
122 1991 257 2082 ρύττων
274 1992 427 2084 καθάπερ
455 1989 588 2080 ἀγαθὸν
606 1990 708 2083 ἥρωα.
745 1996 813 2063 τῶν
831 2000 941 2083 φίλων
961 1996 1008 2081 δέ,
1036 1990 1141 2075 ἀξιοῖς
1158 2011 1182 2066 Β

121 2096 189 2188 γὰρ
222 2096 348 2181 αύτούς
386 2097 448 2169 ούκ
481 2097 575 2190 ἀχρις
607 2096 771 2187 ὀνόματος
806 2101 914 2188 μόνον
945 2104 1004 2188 τῆς
1034 2103 1141 2189 τιμῆς,

122 2203 213 2274 πολύ
250 2206 288 2276 δὲ
325 2208 429 2276 πλέον
466 2205 522 2275 διὰ
558 2209 626 2274 τῶν
662 2205 865 2296 πραγμάτων
902 2213 1051 2295 βεβαιοῖς
1088 2203 1138 2275 ἐπ’

123 2308 239 2385 αὐτῶν
269 2309 433 2400 τούνομα·
471 2319 563 2381 ἔστιν
601 2303 664 2382 οὖν
696 2309 761 2399 ἀρα
793 2341 842 2396 τις
875 2309 893 2383 ὁ
930 2313 1142 2402 μεμφόμενος

123 2413 261 2507 ἀτιμίαν
293 2415 314 2507 ἢ
348 2426 465 2508 ζημίαν
499 2415 518 2508 ἢ
551 2418 682 2507 βλάβην
709 2416 732 2507 ἥ
758 2446 834 2487 τινα
867 2416 989 2508 μικρὰν
1021 2415 1140 2508 ὑπερο-

81 2530 208 2606 εοψίαν
235 2521 257 2613 ἢ
285 2532 434 2615 μείζονας
467 2521 539 2595 ἀλλ’
575 2522 637 2595 ούκ
669 2521 712 2594 ἀν
745 2521 903 2612 οὐδαμῶς
935 2529 1040 2593 είπεῐν
1072 2531 1142 2612 έχοι

122 2634 282 2701 τοιοῦτον
310 2629 420 2702 οὐδέν.
457 2632 588 2702 τούτων
614 2630 678 2721 γὰρ
698 2636 734 2701 οί
754 2631 816 2718 μὲν
834 2631 968 2721 γηραιοὶ
996 2630 1142 2723 σφόδρα,

122 2752 196 2819 ταῖς
228 2734 346 2829 ἀρχαῖς
377 2743 424 2820 είς
455 2737 518 2827 τὴν
550 2740 754 2829 εἱμαρμένην
786 2737 941 2827 τελευτὴν
973 2741 1035 2808 τού
1061 2745 1141 2827 βίον

123 2851 403 2933 παραμείναντες,
433 2843 492 2928 τὰς
523 2847 706 2934 ἐπιμελείας
737 2847 807 2913 τῶν
838 2848 963 2914 κοινῶν
996 2846 1141 2915 συναπέ-

123 2959 228 3020 θεντο
256 2965 327 3033 τοῖς
354 2950 495 3040 σύμασι,
522 2952 638 3020 παισὶν
665 2947 816 3041 ἢφίλοις
844 2949 950 3039 ἥτισι
976 2950 1060 3042 πρὸς
1087 2953 1181 3039 με’-0

87 3083 207 3139 πνους
243 3055 324 3139 τούς
355 3058 499 3148 κλήρους
535 3059 821 3148 παραπέμποντες·
859 3055 952 3127 ἀλλοι
989 3057 1026 3127 θλ
1057 3057 1142 3148 πρὸς

123 3161 204 3246 τοὺς
231 3163 360 3246 πόνους
386 3165 443 3233 καί
469 3163 527 3246 τὰς
555 3171 726 3256 στρατείας
753 3162 1031 3256 ἀπαγορεύοντες,
1059 3162 1141 3252 ἀφέ·

126 3289 209 3351 σεως
242 3272 379 3359 έντίμου
410 3270 581 3360 τυχόντες,
613 3274 712 3354 ζῶσιν
744 3269 865 3359 ὄλβιοι·
897 3271 984 3353 τινὲς
1016 3270 1054 3339 δέ
1085 3270 1142 3339 καὶ

192 3423 208 3470 2
231 3413 265 3471 τό
290 3420 406 3489 πλῆθος
428 3422 543 3474 inclusit
563 3424 604 3483 H,
628 3416 666 3474 τῶ
687 3414 798 3487 πλήθει
819 3422 844 3473 V
911 3425 929 3473 4
951 3412 1005 3486 τὴν
1023 3415 1142 3485 Περσῶν

125 3484 192 3554 VM]
212 3484 270 3541 τῶν
287 3489 407 3552 Περσῶν
468 3486 686 3557 θνομίζετθαι]
706 3488 872 3556 λοχίζεσθαι
890 3491 915 3540 V
971 3491 1003 3540 10
1021 3501 1142 3553 συστρα-

125 3552 312 3622 τευσαμένων
333 3554 367 3623 V]
392 3554 662 3624 συστρατευομένων
736 3560 767 3607 11
790 3552 847 3609 τῶν
869 3549 1054 3610 έλαλωκότων
1075 3556 1141 3621 (sic)

125 3639 201 3707 κικρ.
225 3616 300 3680 ἐκολ.
319 3621 355 3691 V]
379 3641 456 3707 πικρ.
479 3618 554 3678 έκολ.
577 3623 634 3678 τῶν
656 3617 820 3678 ἑαλωκότων
891 3628 922 3675 12
946 3610 1048 3688 ἆρον
1085 3615 1143 3690 ἀρα

127 3692 159 3771 28
177 3709 196 3743 α
253 3690 278 3742 V
293 3691 298 3758 1
314 3683 329 3743 ὁ
348 3709 534 3760 μεμφομενος
552 3690 589 3760 V]
608 3688 791 3758 μεμφόμενος
821 3751 828 3770 ι
859 3695 893 3744 20
910 3683 1045 3758 ούδαμῶς
1075 3683 1140 3746 οὐδ’

126 3775 161 3810 αν
181 3760 309 3819 εςΒεΙτ.
378 3764 410 3811 21
429 3753 551 3812 ούθλῖν
568 3764 592 3812 V
661 3760 889 3825 26010uuaev
