2416 4290
544 395 678 448 ossmo
697 396 719 451 1.
1098 398 1140 464 31

116 544 220 607 μενος
247 518 312 608 τὴν
338 523 475 611 τέχνην;
502 521 595 616 πόσφ
615 522 652 593 δὲ
680 518 827 611 ἀμείνων
845 523 928 607 νεώς
956 525 1017 615 μὲν
1041 532 1140 597 ίθυν-

114 623 180 715 τὴρ
225 620 244 694 ὁ
281 629 339 696 καί
374 626 437 698 τὸν
477 632 638 718 μέλλοντα
679 632 824 719 χειμῶνα
860 631 1049 720 προμαθών
1084 636 1139 704 καί

117 733 396 823 προαισθόμενος
423 736 479 804 καί
498 741 670 826 πειραθείς
688 762 726 821 γε
743 739 865 806 τοῦτον
892 740 1051 826 ἐκκλῖναι,
1070 738 1140 809 εἶτα

119 836 166 907 δι’
199 833 417 928 ἁσδηποτοῦν
444 847 552 924 αἰτίας
573 840 726 931 ἐμπεσών
752 844 809 912 καὶ
828 843 997 926 διασώσας
1024 843 1140 935 ἀπαθῆ

93 942 183 1033 ττὴν
211 949 300 1015 ναῦν
327 944 418 1040 αύτῷ
446 948 575 1040 φόρτφ;
603 945 748 1039 ἅρματος
775 947 807 1017 δ’
838 948 1010 1039 ἐπιστατὴς
1037 948 1055 1021 ὁ
1084 954 1140 1022 καί

120 1050 207 1142 πρὸς
237 1059 370 1144 χωρίων
402 1051 645 1144 ἀγωνιζόμενος
675 1055 861 1143 τραχύτητα
894 1057 949 1125 καί
980 1056 1059 1139 τοῦς
1086 1063 1182 1127 tac-1>

121 1182 207 1239 κους
234 1161 424 1247 μετατιθεὶς
452 1159 520 1249 ἅμα
546 1163 602 1230 καί
628 1160 838 1250 βιαζόμενος,
865 1158 910 1249 ἥν
936 1190 968 1232 τι
994 1172 1140 1253 πλημμε-

121 1267 245 1348 λώσιν;
282 1263 367 1348 ὅλως
402 1267 441 1336 δὲ
477 1264 641 1356 οὐδεμίαν
676 1265 772 1349 ῦξιον
807 1270 928 1357 τέχνην
964 1268 1045 1358 μετά
1082 1273 1140 1359 τῆς

120 1370 224 1459 τύχης
243 1372 411 1459 ἐξετάζειν,
439 1370 510 1442 ἀλλ’
542 1370 649 1462 αὐτὴν
667 1372 721 1461 ἐφ’
753 1369 856 1462 αῦτῆς
875 1391 1021 1445 σκοπεῖν.
1059 1373 1139 1447 οὐδὲ

85 1477 307 1567 ιοστρντηγὸς
334 1475 482 1568 ἀμείνων
510 1475 528 1548 ὁ
551 1482 669 1549 Κλέων
692 1486 827 1567 Νικίου,
856 1479 969 1571 ἐπειδὴ
996 1481 1037 1552 τὰ
1064 1485 1139 1572 περὶ

120 1581 184 1672 τὴν
210 1584 331 1655 Πύλον
356 1582 560 1675 ηύτύχησεν,
589 1582 665 1655 οὐδ’
695 1584 795 1666 ἀλλος
822 1583 934 1669 οὐδεὶς
960 1591 1029 1657 τόν
1055 1589 1140 1678 τύχη

122 1692 252 1778 μᾶλλον
279 1687 300 1780 ἢ
327 1692 444 1782 γνώμη
472 1692 696 1783 κρατούντων.
732 1689 797 1793 ἐγώ
818 1693 855 1762 δὲ
882 1692 975 1782 εἰμὴ
993 1695 1050 1763 καί
1077 1693 1139 1782 τὴν

122 1795 228 1885 τύχην
253 1796 317 1885 τὴν
344 1797 409 1888 σὴν
436 1795 560 1887 ἀμείνω
579 1800 635 1868 καί
664 1800 875 1886 δικαιοτέραν
901 1802 959 1887 τῆς
985 1803 1055 1869 τών
1081 1797 1140 1869 ἀν-

87 1982 90 1987 ,
122 1904 363 1993 τιταξαμίνων,
403 1909 530 1994 μᾶλλον
571 1905 609 1974 δὲ
649 1908 707 1994 τῆς
748 1900 905 1975 ἁπάντων
946 1903 1140 1995 ἀνθρώπων

89 2015 304 2099 ιεκρατίστην
331 2012 486 2101 φήσαιμι,
514 2009 643 2081 ἀδικεῖν
670 2007 714 2079 ἀν
736 2012 872 2093 εἰκότως
900 2017 1049 2101 δοκοίην,
1076 2012 1138 2101 τὴν
1157 2030 1191 2081 26

123 2113 166 2203 μὴ
193 2120 439 2206 παρασχοῦσαν
469 2132 540 2200 τοῖς
570 2123 740 2205 πολεμίοις
767 2120 950 2188 αἰσθέσθαι
976 2117 1014 2188 τὸ
1042 2129 1137 2189 πλεο-

122 2223 277 2311 νέκτημα.
317 2222 380 2314 χρη
408 2221 473 2315 γὰρ
500 2221 594 2313 οἶμαι
620 2222 682 2293 τὸν
709 2226 846 2306 δικαίως
873 2221 957 2313 ῦπλρ
984 2229 1052 2294 τών
1080 2228 1137 2315 ρη-

122 2328 256 2398 θέντων
286 2336 447 2418 κρίνοντα
478 2328 517 2399 τό
543 2330 606 2419 μὲν
637 2329 805 2419 ἐλάττωμα
836 2335 876 2418 τῇ
903 2335 964 2401 τοῦ
997 2338 1139 2417 πνίγους

122 2431 405 2528 ἀνανταγωνίστφ
447 2436 542 2527 ῥώμη
584 2443 789 2523 λογιζεσθαι,
824 2434 862 2504 τὸ
900 2436 938 2505 δὲ
973 2443 1021 2518 εἰς
1063 2446 1139 2506 ἴσον

87 2573 109 2615 ιο
122 2544 327 2629 καταστῆσαι
358 2540 438 2624 τοῦς
463 2548 643 2632 πολεμίους
674 2557 746 2623 ταῖς
777 2556 966 2631 συμφοραῖς
993 2545 1052 2630 τῆς
1079 2544 1140 2630 σι’,ς

121 2644 241 2740 ἀρετῆς
276 2653 379 2738 ἔργον
413 2645 612 2738 ὑπολαβεῖν,
648 2647 686 2718 τὸ
724 2647 762 2716 δὲ
798 2651 867 2717 τών
903 2647 964 2736 μὲν
1006 2654 1138 2719 οἰκείων

121 2755 308 2823 αἰσθέσθαι
335 2759 537 2847 συμφορῶν,
570 2752 734 2844 ἀγνοῆσαι
762 2753 800 2823 δὲ
826 2752 867 2824 τά
894 2754 1138 2845 κατορθώματα

121 2862 179 2949 τῆς
206 2858 340 2950 ἀγαθῆς
366 2863 468 2951 τύχης
495 2868 596 2952 ἔργον
622 2868 822 2949 λογίζεσθαι.

199 2963 282 3037 Ἀλλ’
313 2965 403 3051 ὅπως
430 2967 473 3058 μὴ
492 2968 678 3060 μακρότερα
705 2969 779 3059 περὶ
797 2966 926 3037 τούτων
953 2969 1059 3054 λέγων
1076 2967 1177 3040 τόνΒ

190 3232 205 3277 1
233 3219 362 3292 ἀμείνων
385 3227 458 3295 Pet]
487 3220 608 3308 ἄμεινον
641 3227 646 3291 Ι
679 3219 804 3293 ἰθυντὴρ
827 3220 842 3277 ό
870 3227 937 3278 Rnk.
961 3233 989 3279 ot
1012 3227 1135 3296 δελετεδ]

122 3289 283 3360 ἰδυντῆρος
310 3297 382 3361 VM,
411 3291 537 3363 ἰθυντηρ
560 3284 593 3354 ῦς
619 3312 638 3345 v
728 3297 744 3345 2
772 3289 934 3371 προμαθών
960 3294 1039 3362 Pet]
1067 3311 1136 3360 προ·

122 3360 235 3426 μαθεῖν
322 3368 339 3417 3
367 3363 520 3428 πειραθείς
544 3359 623 3431 VM]
647 3362 819 3425 πειρασθείς
848 3361 853 3427 Ι
879 3377 988 3414 τουτων
1011 3365 1034 3412 V
1119 3365 1137 3414 4

121 3426 341 3496 διοισδηποτοῦν
358 3429 395 3499 V]
420 3423 462 3483 δι’
481 3424 517 3493 ἃς
541 3424 649 3498 δήποτε
668 3421 722 3485 οῦν
791 3427 864 3483 ὅδὲ
886 3429 945 3481 VM
1013 3423 1136 3494 λθαμά

122 3497 244 3563 conjecit
262 3499 330 3551 Rsk.
392 3492 498 3553 8ούδὲ
515 3498 586 3565 μίαν
606 3500 663 3551 vM
726 3491 808 3564 9ἒφ’
829 3493 919 3562 αὐτῆς
936 3489 1043 3615 λ’],ίφ
1062 3490 1137 3564 αῦτη

122 3566 156 3615 10
171 3562 209 3618 τὰ
225 3563 292 3633 περὶ
311 3563 380 3632 VM]
400 3561 433 3618 τό
450 3565 517 3634 περλ
587 3570 618 3619 11
636 3562 841 3635 ἦτῦχησενλῙΙ
861 3558 932 3618 ούδδ
952 3566 1035 3623 sev
1104 3567 1136 3617 12

122 3627 234 3713 μᾶλλον
251 3623 319 3686 οὐδ’
337 3625 401 3686 ἀλλ’
422 3623 489 3688 ὅσον
510 3625 525 3648 ”
545 3650 589 3701 γυ,
608 3652 651 3701 ιιρ.
668 3637 693 3686 V
746 3636 778 3685 15
795 3633 951 3699 κρατίστην
969 3631 1116 3685 deleverim

122 3716 161 3751 αν
178 3700 244 3753 εδδ.
262 3701 321 3752 VM
379 3705 410 3754 16
427 3698 466 3770 μὴ
541 3694 576 3753 οῦ
640 3705 672 3755 19
691 3697 754 3755 ἰσον
771 3702 808 3778 Μ,
827 3706 859 3751 ut
876 3700 949 3752 solet
1005 3702 1038 3751 20
1055 3705 1121 3762 ταῖς

123 3770 186 3829 ταῖς
203 3771 272 3830 ταῖς
289 3769 356 3822 Rsk.
424 3772 458 3823 24
474 3761 636 3838 μακρότερα
653 3768 688 3837 V]
706 3783 882 3837 μακροτερον
