2416 4290
467 416 605 468 onA'rlo
624 418 659 467 11.
1027 414 1067 479 67

52 550 96 637 τῷ
122 545 206 637 τόξῳ
236 544 423 633 χρώμενος,
455 540 473 613 ό
501 544 539 613 δδ
568 540 717 634 ἠρίστευε
750 543 812 630 μὲν
839 546 876 611 ἐν
903 546 942 631 τῇ
970 544 1068 631 μάχη,

55 656 157 722 ἐδεῖτο
195 652 234 719 δὲ
267 650 379 741 ώσπερ
416 651 578 739 ἐρύματος
614 652 666 717 καλ
700 656 834 737 τειχίου.
879 650 983 717 ταῦτά
1016 678 1066 717 τοι

55 761 107 828 καὶ
148 758 374 848 προβάλλεται
413 757 476 846 τὴν
516 754 661 843 ἀσπίδα,
703 754 777 825 οὔτι
821 755 884 843 τὴν
929 762 1068 828 οἰκείαν.

56 864 226 954 τάδελφοῦ
252 868 305 950 δέ,
333 866 388 933 καὶ
416 864 603 952 στοχάζεται
631 862 710 932 καθ’
744 860 886 951 ἡσυχίαν
913 866 980 929 τῶν
1008 892 1066 931 ,τυ-

37 978 192 1060 τλεμίων,
221 981 351 1058 γελοῖος
377 968 563 1059 ἀναφανεὶς
590 970 805 1057 στρατιώτης.
834 968 871 1049 ός
898 996 933 1053 γε
962 971 1068 1037 έδεττο

58 1087 204 1166 μείζονος
236 1078 386 1165 φόλακος
417 1079 473 1146 καὶ
506 1075 568 1145 οὐκ
602 1080 639 1145 έν
676 1092 746 1157 τοῖς
778 1074 893 1154 όπλοις
925 1078 1107 1143 έποιεῖτοΒ

57 1189 110 1272 τῆς
141 1192 308 1275 σωτηρίας
339 1183 398 1265 τὰς
425 1187 568 1263 ἐλπίδας.
614 1183 650 1251 σδ
684 1186 768 1270 δῆτα
801 1180 1008 1267 ἐθεασάμην.
1042 1172 1069 1247 ώ

58 1299 130 1379 φίλε
165 1294 317 1380 βασιλεῦ,
354 1288 497 1378 ἄρκτους
534 1292 588 1357 καλ
625 1290 804 1377 παρδάλεις
840 1289 892 1355 καὶ
934 1290 1070 1367 λέοντας

57 1397 204 1486 συχνοὺς
234 1397 482 1485 καταβάλλοντα
508 1411 578 1475 τοῖς
605 1394 796 1483 ἀφιεμένοις
827 1398 951 1482 βέλεσι,
984 1394 1069 1481 χρώ-

25 1528 45 1565 1⁰
56 1532 160 1591 μενον
189 1503 225 1573 δὲ
251 1499 336 1592 πρός
361 1503 473 1590 θήραν
496 1503 551 1570 καὶ
575 1498 712 1570 παιδιάν
738 1502 838 1591 τόξῳ,
866 1502 919 1567 έπὶ
947 1500 983 1567 δδ
1011 1502 1070 1585 τῆς

56 1611 269 1701 παρατάξεως
300 1606 399 1691 ἀσπίς
432 1611 504 1677 ἐστί
535 1628 587 1676 σοι
619 1611 673 1676 καὶ
702 1608 817 1694 θώραξ
849 1608 906 1674 καὶ
933 1607 1069 1691 κράνος·

55 1720 111 1785 καὶ
150 1713 213 1785 οὐκ
244 1711 287 1783 ἀν
319 1719 549 1802 καταδείσαιμι
585 1714 645 1783 τὸν
675 1712 820 1800 Ἀχιλλέα
852 1727 923 1791 τοῖς
950 1708 1069 1797 Ἡφαι-

56 1830 180 1903 στείοις
207 1822 485 1911 λαμπρυνόμενον
511 1822 567 1889 καὶ
586 1818 861 1907 ἀποπειρώμενον
889 1814 996 1886 αὑτοῦ
1014 1818 1069 1886 καὶ

55 1932 124 1997 τών
149 1926 272 2013 ὅπλων,

19 2054 43 2095 15
137 2043 186 2102 Εί
210 2039 245 2102 οί
269 2033 500 2121 ἐφαρμόσσειε,
527 2036 582 2100 καὶ
609 2036 756 2122 ἐντρέχοι
785 2030 891 2117 ἀγλαά
918 2046 1011 2118 γυῖα·
1089 2042 1110 2097 O

56 2138 277 2229 ἀνακηρόττει
303 2138 366 2228 γάρ
394 2144 442 2219 εἰς
469 2137 615 2219 ἅπαντας
642 2137 705 2226 τὴν
737 2137 802 2225 σὴν
829 2141 1002 2227 ἐμπειρίαν
1029 2138 1070 2205 τὰ

56 2246 308 2333 κατορθώματα.
353 2245 414 2332 τήν
442 2273 479 2330 γε
507 2244 573 2333 μὴν
602 2244 738 2332 ἱππικὴν
766 2246 820 2312 καὶ
848 2242 911 2331 τὴν
939 2248 975 2312 έν
1001 2259 1072 2323 τοῖς

57 2353 197 2440 δρόμοις
228 2352 421 2438 κουφότητα
454 2342 520 2438 ἀρά
553 2372 607 2418 σοι
638 2357 845 2440 παραβαλεῖν
877 2347 972 2429 ἀξιον
1004 2352 1072 2417 τών

57 2459 209 2548 πρόσθεν
240 2456 320 2538 τοὺς
350 2454 539 2546 ἀραμένους
571 2454 678 2544 ὄνομα
710 2458 764 2524 καὶ
793 2455 898 2534 δόξαν
925 2462 1071 2541 μείζονας

19 2560 78 2652 »θῆ
104 2563 145 2632 τὸ
172 2563 234 2651 μὲν
261 2559 343 2632 οὐδὲ
359 2560 486 2651 ηὕρητό
514 2590 580 2645 πω;
609 2560 732 2651 ἅρμασι
760 2560 825 2649 γάρ
853 2564 998 2650 ἐχρῶντο
1017 2562 1073 2629 καὶ

58 2669 152 2740 οὔπω
179 2670 304 2749 πώλοις
331 2667 434 2752 άζυξι·
466 2669 557 2756 τάχει
584 2668 622 2738 δὲ
650 2667 741 2749 ὅστις
768 2667 936 2755 διήνεγκε,
963 2668 1071 2763 τούτῳ

58 2775 142 2867 πρὸς
173 2776 211 2844 σὲ
243 2778 382 2861 γέγονεν
417 2773 624 2863 ἀμφήριστος
660 2782 782 2863 κρίσις·
819 2774 913 2855 τάξιν
946 2772 983 2843 δέ
1015 2802 1069 2843 κο-

59 2886 182 2971 σμῆσαι
217 2884 274 2951 καὶ
311 2882 467 2968 φάλαγγα
504 2882 654 2963 διατάξαι
690 2884 797 2962 καλώς
833 2886 928 2949 δοκεῖ
962 2890 1114 2948 Mem-D

60 2988 162 3069 σθεδς
188 2987 374 3077 κράτιστος,
401 2990 457 3056 καλ
482 2988 589 3078 τούτῳ
619 2986 676 3056 διὰ
703 2986 766 3075 τὴν
792 2984 924 3075 ἡλικίαν
952 2983 970 3054 ό
998 2988 1070 3055 1115-

29 3103 128 3175 ὓλιος
160 3090 224 3182 οὐχ
256 3090 390 3181 ὑφίεται
421 3097 478 3182 τῆς
510 3097 685 3183 ἐμπειρίας.
731 3091 814 3162 ἀλλά
844 3096 913 3161 τών
944 3093 1005 3181 μὲν
1038 3096 1073 3162 οί

60 3203 210 3288 πολέμιοι
237 3199 393 3280 πολλάκις
420 3199 478 3280 τὰς
504 3200 610 3281 τάξεις
637 3201 879 3289 συνετάραξαν,
906 3202 963 3268 καλ
991 3197 1071 3268 οὐδὲ

124 3379 311 3448 4τάδελφοῦ
329 3381 366 3449 V]
390 3379 442 3436 τοῦ
460 3375 591 3449 ἀδελφοῦ
659 3384 766 3445 8φίλε
785 3386 878 3435 om.V
948 3386 1070 3433 9κατα-

10 3499 16 3516 ,
61 3444 202 3516 βάλλοντα
229 3450 269 3517 V]
296 3443 498 3516 καταβαλόντα
585 3455 615 3503 10
640 3446 765 3503 παιδιάν
782 3449 820 3517 fl.]
844 3447 995 3501 παιδείαν.
1033 3451 1070 3500 cf.

10 3539 15 3548 ·
61 3520 140 3569 1241)
213 3521 244 3569 12
272 3518 477 3581 καταδείσαιμι
502 3517 539 3584 V]
562 3518 789 3584 καταδείσαιμεν
859 3522 892 3567 13
914 3510 1007 3569 αὐτοῦ
1030 3517 1069 3583 Μ,

60 3587 151 3637 om.V
221 3590 253 3638 16
270 3586 351 3637 Iliad.
364 3604 388 3665 χ,
405 3585 522 3649 385Ιεῖ
536 3581 566 3637 ολ
581 3587 618 3649 Μ,
638 3583 665 3638 εί
681 3582 712 3637 οί
727 3603 753 3649 v,
773 3584 800 3637 εί
816 3581 848 3637 ολ
864 3577 1070 3649 mmm-

59 3648 153 3717 μόσειε
175 3656 235 3705 VM
308 3655 338 3702 16
360 3670 492 3713 απαντας
515 3652 554 3719 Η]
578 3644 696 3706 ἅπαντα
770 3656 803 3703 18
825 3669 866 3704 πα
885 3643 1023 3717 αβάλλειν
1045 3654 1070 3701 V

59 3724 90 3773 20
112 3712 217 3789 εάρητό
233 3737 280 3771 πω
297 3721 325 3769 Μ
392 3724 424 3771 21
448 3712 591 3783 ἀζυξινν
659 3724 693 3771 22
710 3716 782 3784 πρὸς
800 3716 830 3771 σὲ
848 3668 967 3787 γέγονεν
985 3720 1067 3786 Βελι]

58 3786 248 3855 προσγέγονεν
319 3790 352 3839 23
370 3779 468 3839 ἐδόκει
485 3789 552 3839 Rsk.

829 3874 867 3934 b*
