2416 4290
547 412 682 466 ossmo
700 414 723 468 1.
1105 412 1144 475 19

118 540 191 623 τοὺς
218 541 399 630 λαβόντας
426 538 554 631 ἤρκουν
582 536 755 628 ἀποφῆναι
773 542 819 632 τςό
839 542 966 609 Λυδόν
993 539 1143 630 δυνάστη

119 654 388 739 παραπλησίους,
417 649 629 735 ἐνδεέστερον
656 645 717 735 μέν
736 643 918 715 ἀπολαύων
946 643 1048 728 αὐτὸς
1075 651 1144 716 τῶν

120 752 344 844 ὑπαρχόντων
377 751 520 840 ἀγαθῶν
552 749 572 841 ἢ
601 756 823 841 Σπαρτιατῶν
856 749 874 822 ό
907 755 1141 841 σωφρονέστα-

120 890 190 949 τος,
223 864 288 931 τοῦ
319 863 458 951 τρυφᾶν
490 858 527 928 δὲ
554 861 708 947 παρέχων
736 857 848 941 ἀλλοις
874 866 1052 947 χορηγίαν,
1085 862 1141 929 καὶ

98 983 190 1050 ιτοῐς
218 968 443 1056 βουλομένοις
469 980 661 1054 σωφρονεῖν
687 967 842 1053 παρέχων
875 963 1003 1034 σαυτὸν
1034 981 1141 1055 μιμεῖ-

123 1085 218 1161 σθαι,
253 1071 366 1163 ἅρχων
393 1072 456 1162 μέν
482 1072 596 1164 πρᾴως
623 1072 679 1141 καὶ
706 1073 957 1161 φιλανθρώπως
988 1075 1056 1140 τεόν
1084 1070 1140 1141 ἀλ-

120 1190 205 1267 λων,
239 1177 423 1269 ἀρχόμενος
454 1179 492 1248 δέ
519 1175 585 1248 ὑπὸ
614 1181 676 1247 τοῦ
707 1177 833 1266 πατρὸς
868 1178 1053 1266 σωφρόνως
1085 1180 1169 1248 καὶ(

121 1283 167 1369 ὡς
198 1281 250 1368 εἷς
285 1289 354 1355 τόν
384 1288 518 1355 πολλῶν
554 1284 614 1354 τὸν
650 1281 781 1353 ἅπαντα
818 1287 971 1365 διετέλεις
1007 1285 1141 1372 χρόνον.

120 1395 218 1462 παιδὶ
251 1391 313 1481 μέν
344 1390 418 1462 όντι
450 1413 503 1460 σοι
536 1393 592 1461 καὶ
625 1397 783 1483 μειρακίω
811 1391 915 1460 ταύτό
946 1417 982 1460 τε
1013 1387 1140 1480 ὑπῆρχε

84 1525 108 1564 ιο
121 1500 178 1568 καὶ
211 1496 296 1568 ἀλλα
326 1505 480 1585 πλείονα,
512 1499 587 1588 περὶ
616 1489 664 1566 τόν
695 1501 762 1566 νῦν
794 1500 903 1583 λέγειν
934 1498 1140 1589 μακρότερον

121 1601 165 1674 ἂν
193 1615 246 1693 εἴη
273 1607 335 1673 τοῦ
360 1607 490 1692 καιροῦ.

204 1711 389 1800 Γενόμενος
423 1710 460 1781 δέ
493 1707 547 1798 ἐφ’
589 1707 733 1798 ἡλικίας,
770 1711 827 1778 καὶ
863 1713 909 1802 τῷ
947 1711 1046 1798 πατρὶ
1078 1709 1140 1798 τὴν

122 1819 327 1909 εἱμαρμένην
352 1814 510 1905 τελευτὴν
537 1820 599 1885 τοῦ
626 1822 788 1906 δαίμονος
814 1817 902 1904 μάλα
931 1813 1051 1903 ὀλβίαν
1078 1844 1138 1885 πα-

122 1926 320 2013 ρασχόντος,
348 1920 391 1993 οό
418 1923 525 2012 μόνον
551 1925 597 2015 τῷ
625 1923 748 2010 πλήθει
776 1920 832 1991 καὶ
852 1923 961 1992 κάλλει
979 1926 1048 1991 τεόν
1067 1926 1138 1993 ἑπε-

86 2054 109 2093 15
122 2033 312 2118 νεχθέντων
339 2027 402 2099 τόν
428 2029 539 2117 τάφον
563 2029 727 2118 έκόσμεις,
756 2031 916 2115 γενέσεως
938 2031 994 2098 καὶ
1012 2033 1140 2119 τροφῆς

121 2134 292 2206 ἀποτίνων
322 2134 364 2205 τὰ
392 2136 602 2225 χαριστήρια,
634 2133 722 2205 πολὺ
754 2135 792 2204 δέ
823 2137 924 2205 πλέον
956 2138 1002 2228 τῷ
1035 2136 1169 2224 μόνοςΙ

122 2244 156 2312 έιι
183 2244 322 2312 πόντων
348 2244 417 2311 τόν
444 2245 576 2312 ἐκείνου
608 2247 739 2311 παίδων
768 2245 887 2325 ζῶντος
919 2241 980 2329 μὲν
1007 2247 1054 2310 ἔτι
1082 2244 1138 2311 καὶ

121 2351 315 2438 πιεζομένου
346 2352 387 2438 τῇ
419 2349 508 2440 νόσςο
541 2347 625 2436 πρὸς
657 2345 761 2417 αὐτόν
793 2344 952 2436 ὁρμῆσαι,
988 2349 1137 2436 τελευτή-

122 2476 242 2538 σαντος
275 2454 313 2524 δὲ
339 2452 398 2536 τάς
425 2462 580 2543 μεγίστας
605 2452 701 2543 τιμόις
728 2457 944 2541 καταστῆσαι,
977 2449 1061 2540 ὑπὲρ
1090 2445 1138 2522 τόν

86 2565 252 2652 ωέξαρκεϊ
282 2562 339 2631 καὶ
370 2559 407 2630 τό
440 2564 642 2649 μνησθῆναι.
692 2564 833 2629 καλοῦσι
866 2558 929 2647 γὰρ
962 2555 1048 2647 ἡμᾶς
1080 2558 1134 2647 ἐφ’

121 2665 223 2750 αὑτὰς
252 2672 291 2736 αί
319 2667 452 2755 πράξεις
483 2664 796 2756 ὑπομιμνήσκουσαι
828 2669 887 2753 τῆς
919 2664 1046 2755 ῥοόμης,
1079 2668 1138 2755 τῆς

119 2773 301 2863 εὐψυχίας,
339 2771 516 2861 εὐβουλίας
551 2801 586 2843 τε
623 2771 691 2861 ἅμα
727 2774 783 2842 καὶ
822 2774 1050 2861 δικαιότητος,
1087 2768 1138 2854 οἷς

119 2879 246 2970 ἄμαχος
274 2878 396 2969 όφδης
422 2882 477 2949 καὶ
505 2877 768 2968 ἀνυπέρβλητος,
796 2877 836 2947 τὰ
864 2878 924 2966 μὲν
952 2877 1035 2967 πρὸς
1058 2877 1137 2961 τοὺς

118 2985 290 3076 ἀδελφοὺς
322 2988 377 3056 καὶ
408 2985 488 3068 τοὺς
519 2992 655 3067 πολίτας
685 2986 741 3055 καὶ
773 2983 852 3066 τοὺς
879 2985 1055 3078 πατρῴους
1083 3006 1137 3055 σοι

84 3102 242 3182 υφίλους
274 3095 330 3163 καὶ
361 3090 402 3162 τά
434 3092 660 3181 στρατεύματα
693 3097 829 3172 δικαίως
860 3092 915 3159 καὶ
952 3092 1169 3180 σωφρόνωςῑ

118 3200 421 3289 καταστησόμενος·
449 3197 537 3288 πλὴν
564 3208 598 3268 εί
621 3224 687 3267 που
715 3199 869 3285 βιασθεὶς
888 3194 953 3267 ὑπὸ
971 3201 1039 3266 τῶν
1063 3226 1134 3267 και-

117 3311 187 3397 ρόν
214 3305 308 3377 ἄκων
337 3308 469 3397 ἑτέρους
496 3307 691 3393 ἐξαμαρτεῖν
714 3301 756 3373 οό
781 3304 996 3385 διεκιόλυσας·
1033 3301 1073 3371 τὰ
1098 3304 1135 3372 δὲ

185 3460 198 3508 1
224 3455 332 3510 Λυδῶν
349 3454 387 3521 Μ]
410 3453 498 3526 Λυδῷ
567 3450 660 3520 9μέν
678 3446 751 3521 όντι]
774 3449 826 3521 μὲν
850 3441 903 3506 οὖν
926 3445 1033 3504 όντιΗ
1103 3455 1135 3503 15

117 3518 247 3592 ίιιότμεις
271 3524 341 3576 Rsk.
361 3532 391 3575 et
407 3521 505 3589 Ἦμεν]
529 3515 644 3589 ἐκόσμει
672 3525 675 3588 Ι
696 3519 841 3589 γενέσεως]
865 3519 1004 3587 γενναίως
1026 3521 1051 3570 V
1102 3523 1135 3570 20

117 3588 232 3658 έξαρκεῖ
251 3595 314 3644 Pet.
339 3598 368 3643 et
389 3592 430 3642 Po
451 3597 524 3642 toste
550 3591 670 3653 Heylero
696 3591 730 3641 ad
753 3591 842 3656 Epist.
864 3606 890 3654 p.
908 3585 968 3653 335]
991 3580 1022 3651 έξ
1045 3580 1134 3654 ἀρχῆς

116 3665 148 3714 24
169 3677 213 3715 σοι
236 3661 272 3726 V]
296 3675 361 3712 τον.
399 3659 434 3709 ef.
456 3658 537 3710 2⁶90
562 3658 643 3709 2770
666 3658 747 3709 3650
826 3659 859 3708 26
882 3651 1135 3721 καταστησάμενος

118 3736 163 3782 aut
179 3731 205 3783 h.
217 3731 235 3781 λ.
251 3734 302 3781 aut
342 3728 401 3787 .20‚
412 3728 428 3776 2
440 3730 495 3778 ενδ
513 3726 633 3776 deletum
645 3725 706 3776 vult
718 3725 783 3776 Rsk.
831 3725 863 3774 27
882 3716 996 3789 ἑτέρους
1015 3718 1133 3783 Βολιιιελ]

118 3790 217 3865 ἑτέροις
233 3799 238 3863 Ι
254 3790 292 3850 τὰ
333 3790 346 3847 ἑ
366 3791 433 3860 VM]
451 3786 484 3846 τό
504 3788 536 3846 δὲ
905 3874 920 3906 *

883 3880 899 3929 2
