<?xml version="1.0" encoding="UTF-8"?>
<!DOCTYPE html PUBLIC "-//W3C//DTD XHTML 1.0 Transitional//EN"
    "http://www.w3.org/TR/xhtml1/DTD/xhtml1-transitional.dtd">
<html xmlns="http://www.w3.org/1999/xhtml" xml:lang="en" lang="en">
 <head>
  <title>
</title>
<meta http-equiv="Content-Type" content="text/html;charset=utf-8" />
  <meta name='ocr-system' content='tesseract 3.04.00' />
  <meta name='ocr-capabilities' content='ocr_page ocr_carea ocr_par ocr_line ocrx_word'/>
</head>
<body>
  <div class='ocr_page' id='page_1' title='image "./iulianiimperato02juligoog_0048.png"; bbox 0 0 2416 4290; ppageno 0'>
   <div class='ocr_carea' id='block_1_1' title="bbox 544 420 1139 487">
    <p class='ocr_par' dir='ltr' id='par_1_1' title="bbox 544 420 1139 487">
     <span class='ocr_line' id='line_1_1' title="bbox 544 420 1139 487; baseline 0 -14"><span class='ocrx_word' id='word_1_1' title='bbox 544 420 719 475; x_wconf 76' lang='grc' dir='ltr'><strong><em>οοιτιοι</em></strong></span> <span class='ocrx_word' id='word_1_2' title='bbox 1096 424 1139 487; x_wconf 84' lang='lat'><strong><em>33</em></strong></span> 
     </span>
    </p>
   </div>
   <div class='ocr_carea' id='block_1_2' title="bbox 84 542 1191 3595">
    <p class='ocr_par' dir='ltr' id='par_1_2' title="bbox 84 542 1191 3595">
     <span class='ocr_line' id='line_1_2' title="bbox 114 542 1191 641; baseline 0.006 -25"><span class='ocrx_word' id='word_1_3' title='bbox 114 550 197 637; x_wconf 74' lang='grc' dir='ltr'><strong><em>τῇδε</em></strong></span> <span class='ocrx_word' id='word_1_4' title='bbox 231 546 504 637; x_wconf 77' lang='grc' dir='ltr'><strong><em>προσεδόκησας,</em></strong></span> <span class='ocrx_word' id='word_1_5' title='bbox 540 542 642 628; x_wconf 85' lang='grc' dir='ltr'><strong><em>αύτός</em></strong></span> <span class='ocrx_word' id='word_1_6' title='bbox 678 547 716 617; x_wconf 70' lang='grc' dir='ltr'><strong><em>δὲ</em></strong></span> <span class='ocrx_word' id='word_1_7' title='bbox 749 549 801 617; x_wconf 80' lang='grc' dir='ltr'><strong><em>ἐπὶ</em></strong></span> <span class='ocrx_word' id='word_1_8' title='bbox 833 548 913 631; x_wconf 81' lang='grc' dir='ltr'><strong><em>τοὺς</em></strong></span> <span class='ocrx_word' id='word_1_9' title='bbox 948 550 1138 641; x_wconf 76' lang='grc' dir='ltr'><strong><em>τυράννους</em></strong></span> <span class='ocrx_word' id='word_1_10' title='bbox 1156 572 1191 623; x_wconf 72' lang='lat'><strong><em>2⁷</em></strong></span> 
     </span>
     <span class='ocr_line' id='line_1_3' title="bbox 116 650 1139 745; baseline 0.005 -22"><span class='ocrx_word' id='word_1_11' title='bbox 116 650 228 743; x_wconf 82' lang='grc' dir='ltr'><strong><em>ὁρμῶν</em></strong></span> <span class='ocrx_word' id='word_1_12' title='bbox 256 652 453 741; x_wconf 89' lang='grc' dir='ltr'><strong><em>έβουλεύου.</em></strong></span> <span class='ocrx_word' id='word_1_13' title='bbox 493 654 622 743; x_wconf 88' lang='grc' dir='ltr'><strong><em>Πέρσαι</em></strong></span> <span class='ocrx_word' id='word_1_14' title='bbox 650 653 687 723; x_wconf 68' lang='grc' dir='ltr'><strong><em>δὲ</em></strong></span> <span class='ocrx_word' id='word_1_15' title='bbox 715 657 748 735; x_wconf 88' lang='grc' dir='ltr'><strong><em>έξ</em></strong></span> <span class='ocrx_word' id='word_1_16' title='bbox 772 657 904 725; x_wconf 80' lang='grc' dir='ltr'><strong><em>ἐκείνου</em></strong></span> <span class='ocrx_word' id='word_1_17' title='bbox 930 655 991 726; x_wconf 89' lang='grc' dir='ltr'><strong><em>τὸν</em></strong></span> <span class='ocrx_word' id='word_1_18' title='bbox 1018 657 1139 745; x_wconf 88' lang='grc' dir='ltr'><strong><em>καιρὸν</em></strong></span> 
     </span>
     <span class='ocr_line' id='line_1_4' title="bbox 115 754 1139 851; baseline 0.005 -23"><span class='ocrx_word' id='word_1_19' title='bbox 115 763 243 829; x_wconf 82' lang='grc' dir='ltr'><strong><em>τοῦτον</em></strong></span> <span class='ocrx_word' id='word_1_20' title='bbox 269 759 583 850; x_wconf 75' lang='grc' dir='ltr'><strong><em>παραφυλάξαντες,</em></strong></span> <span class='ocrx_word' id='word_1_21' title='bbox 616 754 661 842; x_wconf 83' lang='grc' dir='ltr'><strong><em>ῶς</em></strong></span> <span class='ocrx_word' id='word_1_22' title='bbox 693 762 726 842; x_wconf 86' lang='grc' dir='ltr'><strong><em>έξ</em></strong></span> <span class='ocrx_word' id='word_1_23' title='bbox 754 760 883 848; x_wconf 84' lang='grc' dir='ltr'><strong><em>έφόδου</em></strong></span> <span class='ocrx_word' id='word_1_24' title='bbox 915 761 977 851; x_wconf 80' lang='grc' dir='ltr'><strong><em>τὴν</em></strong></span> <span class='ocrx_word' id='word_1_25' title='bbox 1005 771 1139 851; x_wconf 74' lang='grc' dir='ltr'><strong><em>Συρίαν</em></strong></span> 
     </span>
     <span class='ocr_line' id='line_1_5' title="bbox 117 864 1138 957; baseline 0.004 -22"><span class='ocrx_word' id='word_1_26' title='bbox 117 865 316 954; x_wconf 76' lang='grc' dir='ltr'><strong><em>ληψόμενοι,</em></strong></span> <span class='ocrx_word' id='word_1_27' title='bbox 343 869 457 935; x_wconf 79' lang='grc' dir='ltr'><strong><em>πᾶσαν</em></strong></span> <span class='ocrx_word' id='word_1_28' title='bbox 484 865 764 955; x_wconf 83' lang='grc' dir='ltr'><strong><em>έξαναστησαντες</em></strong></span> <span class='ocrx_word' id='word_1_29' title='bbox 791 864 924 956; x_wconf 80' lang='grc' dir='ltr'><strong><em>ἡλικίαν</em></strong></span> <span class='ocrx_word' id='word_1_30' title='bbox 947 872 1003 938; x_wconf 79' lang='grc' dir='ltr'><strong><em>καὶ</em></strong></span> <span class='ocrx_word' id='word_1_31' title='bbox 1031 870 1138 957; x_wconf 88' lang='grc' dir='ltr'><strong><em>φύσιν</em></strong></span> 
     </span>
     <span class='ocr_line' id='line_1_6' title="bbox 92 968 1137 1065; baseline 0.005 -25"><span class='ocrx_word' id='word_1_32' title='bbox 92 974 175 1044; x_wconf 76' lang='grc' dir='ltr'><strong><em>ικαὶ</em></strong></span> <span class='ocrx_word' id='word_1_33' title='bbox 216 972 323 1060; x_wconf 80' lang='grc' dir='ltr'><strong><em>τύχην</em></strong></span> <span class='ocrx_word' id='word_1_34' title='bbox 364 970 419 1059; x_wconf 79' lang='grc' dir='ltr'><strong><em>ἐφ’</em></strong></span> <span class='ocrx_word' id='word_1_35' title='bbox 457 968 545 1062; x_wconf 79' lang='grc' dir='ltr'><strong><em>ἡμᾶς</em></strong></span> <span class='ocrx_word' id='word_1_36' title='bbox 585 970 754 1062; x_wconf 76' lang='grc' dir='ltr'><strong><em>ὥρμηντο,</em></strong></span> <span class='ocrx_word' id='word_1_37' title='bbox 796 971 931 1061; x_wconf 80' lang='grc' dir='ltr'><strong><em>ἄνδρες,</em></strong></span> <span class='ocrx_word' id='word_1_38' title='bbox 973 977 1137 1065; x_wconf 78' lang='grc' dir='ltr'><strong><em>μειράκια,</em></strong></span> 
     </span>
     <span class='ocr_line' id='line_1_7' title="bbox 119 1080 1140 1171; baseline 0.003 -23"><span class='ocrx_word' id='word_1_39' title='bbox 119 1082 304 1168; x_wconf 84' lang='grc' dir='ltr'><strong><em>πρεσβῦται</em></strong></span> <span class='ocrx_word' id='word_1_40' title='bbox 330 1080 578 1166; x_wconf 79' lang='grc' dir='ltr'><strong><em>καὶγυναικῶν</em></strong></span> <span class='ocrx_word' id='word_1_41' title='bbox 599 1082 730 1167; x_wconf 81' lang='grc' dir='ltr'><strong><em>πλῆθος</em></strong></span> <span class='ocrx_word' id='word_1_42' title='bbox 758 1082 812 1148; x_wconf 81' lang='grc' dir='ltr'><strong><em>καὶ</em></strong></span> <span class='ocrx_word' id='word_1_43' title='bbox 837 1080 1068 1171; x_wconf 73' lang='grc' dir='ltr'><strong><em>θεραπόντων,</em></strong></span> <span class='ocrx_word' id='word_1_44' title='bbox 1096 1081 1140 1152; x_wconf 89' lang='grc' dir='ltr'><strong><em>ού</em></strong></span> 
     </span>
     <span class='ocr_line' id='line_1_8' title="bbox 120 1181 1138 1277; baseline 0.004 -23"><span class='ocrx_word' id='word_1_45' title='bbox 120 1186 228 1273; x_wconf 90' lang='grc' dir='ltr'><strong><em>μόνον</em></strong></span> <span class='ocrx_word' id='word_1_46' title='bbox 255 1188 326 1255; x_wconf 91' lang='grc' dir='ltr'><strong><em>τῶν</em></strong></span> <span class='ocrx_word' id='word_1_47' title='bbox 352 1183 436 1275; x_wconf 84' lang='grc' dir='ltr'><strong><em>πρὸς</em></strong></span> <span class='ocrx_word' id='word_1_48' title='bbox 467 1183 528 1254; x_wconf 91' lang='grc' dir='ltr'><strong><em>τὸν</em></strong></span> <span class='ocrx_word' id='word_1_49' title='bbox 559 1185 705 1274; x_wconf 88' lang='grc' dir='ltr'><strong><em>πόλεμον</em></strong></span> <span class='ocrx_word' id='word_1_50' title='bbox 737 1181 934 1277; x_wconf 76' lang='grc' dir='ltr'><strong><em>ὑπουργιῶν</em></strong></span> <span class='ocrx_word' id='word_1_51' title='bbox 961 1188 1074 1276; x_wconf 87' lang='grc' dir='ltr'><strong><em>χάριν,</em></strong></span> <span class='ocrx_word' id='word_1_52' title='bbox 1102 1192 1138 1258; x_wconf 75' lang='grc' dir='ltr'><strong><em>ἐκ</em></strong></span> 
     </span>
     <span class='ocr_line' id='line_1_9' title="bbox 120 1291 1138 1384; baseline 0.003 -23"><span class='ocrx_word' id='word_1_53' title='bbox 120 1298 318 1381; x_wconf 74' lang='grc' dir='ltr'><strong><em>περιουσίας</em></strong></span> <span class='ocrx_word' id='word_1_54' title='bbox 354 1291 391 1361; x_wconf 67' lang='grc' dir='ltr'><strong><em>δέ</em></strong></span> <span class='ocrx_word' id='word_1_55' title='bbox 426 1300 582 1361; x_wconf 76' lang='grc' dir='ltr'><strong><em>πλεῖστον</em></strong></span> <span class='ocrx_word' id='word_1_56' title='bbox 619 1292 791 1381; x_wconf 82' lang='grc' dir='ltr'><strong><em>ἑπόμενον.</em></strong></span> <span class='ocrx_word' id='word_1_57' title='bbox 842 1298 1038 1364; x_wconf 86' lang='grc' dir='ltr'><strong><em>διενοοῦντο</em></strong></span> <span class='ocrx_word' id='word_1_58' title='bbox 1074 1292 1138 1384; x_wconf 83' lang='grc' dir='ltr'><strong><em>γάρ</em></strong></span> 
     </span>
     <span class='ocr_line' id='line_1_10' title="bbox 121 1394 1178 1489; baseline 0.007 -23"><span class='ocrx_word' id='word_1_59' title='bbox 121 1394 166 1480; x_wconf 84' lang='grc' dir='ltr'><strong><em>ῶς</em></strong></span> <span class='ocrx_word' id='word_1_60' title='bbox 197 1399 256 1467; x_wconf 81' lang='grc' dir='ltr'><strong><em>καὶ</em></strong></span> <span class='ocrx_word' id='word_1_61' title='bbox 287 1396 347 1480; x_wconf 79' lang='grc' dir='ltr'><strong><em>τὰς</em></strong></span> <span class='ocrx_word' id='word_1_62' title='bbox 377 1398 488 1479; x_wconf 90' lang='grc' dir='ltr'><strong><em>πόλεις</em></strong></span> <span class='ocrx_word' id='word_1_63' title='bbox 519 1400 718 1480; x_wconf 77' lang='grc' dir='ltr'><strong><em>καθέξοντες</em></strong></span> <span class='ocrx_word' id='word_1_64' title='bbox 750 1401 805 1468; x_wconf 81' lang='grc' dir='ltr'><strong><em>καὶ</em></strong></span> <span class='ocrx_word' id='word_1_65' title='bbox 837 1402 895 1487; x_wconf 79' lang='grc' dir='ltr'><strong><em>τῆς</em></strong></span> <span class='ocrx_word' id='word_1_66' title='bbox 928 1400 1038 1489; x_wconf 80' lang='grc' dir='ltr'><strong><em>χώρας</em></strong></span> <span class='ocrx_word' id='word_1_67' title='bbox 1070 1399 1178 1489; x_wconf 80' lang='grc' dir='ltr'><strong><em>ἧδηΒ</em></strong></span> 
     </span>
     <span class='ocr_line' id='line_1_11' title="bbox 88 1500 1139 1595; baseline 0.004 -22"><span class='ocrx_word' id='word_1_68' title='bbox 88 1532 111 1573; x_wconf 77' lang='grc' dir='ltr'><strong><em>ιι</em></strong></span> <span class='ocrx_word' id='word_1_69' title='bbox 121 1504 346 1595; x_wconf 82' lang='grc' dir='ltr'><strong><em>κρατήσαντες</em></strong></span> <span class='ocrx_word' id='word_1_70' title='bbox 381 1503 589 1594; x_wconf 76' lang='grc' dir='ltr'><strong><em>κληρούχους</em></strong></span> <span class='ocrx_word' id='word_1_71' title='bbox 625 1500 707 1594; x_wconf 74' lang='grc' dir='ltr'><strong><em>ἡμῖν</em></strong></span> <span class='ocrx_word' id='word_1_72' title='bbox 744 1504 911 1586; x_wconf 81' lang='grc' dir='ltr'><strong><em>ἐπάξουσι.</em></strong></span> <span class='ocrx_word' id='word_1_73' title='bbox 961 1504 1060 1589; x_wconf 83' lang='grc' dir='ltr'><strong><em>κενάς</em></strong></span> <span class='ocrx_word' id='word_1_74' title='bbox 1101 1507 1139 1577; x_wconf 71' lang='grc' dir='ltr'><strong><em>δέ</em></strong></span> 
     </span>
     <span class='ocr_line' id='line_1_12' title="bbox 122 1608 1139 1702; baseline 0.003 -23"><span class='ocrx_word' id='word_1_75' title='bbox 122 1608 297 1699; x_wconf 77' lang='grc' dir='ltr'><strong><em>ἀπέφηνεν</em></strong></span> <span class='ocrx_word' id='word_1_76' title='bbox 338 1608 453 1693; x_wconf 78' lang='grc' dir='ltr'><strong><em>αὐτοῖς</em></strong></span> <span class='ocrx_word' id='word_1_77' title='bbox 488 1608 547 1693; x_wconf 82' lang='grc' dir='ltr'><strong><em>τάς</em></strong></span> <span class='ocrx_word' id='word_1_78' title='bbox 583 1616 788 1702; x_wconf 79' lang='grc' dir='ltr'><strong><em>προσδοκίας</em></strong></span> <span class='ocrx_word' id='word_1_79' title='bbox 828 1615 887 1699; x_wconf 78' lang='grc' dir='ltr'><strong><em>τῆς</em></strong></span> <span class='ocrx_word' id='word_1_80' title='bbox 927 1618 1139 1701; x_wconf 78' lang='grc' dir='ltr'><strong><em>παρασκευῆς</em></strong></span> 
     </span>
     <span class='ocr_line' id='line_1_13' title="bbox 122 1715 1138 1808; baseline 0.003 -23"><span class='ocrx_word' id='word_1_81' title='bbox 122 1721 179 1805; x_wconf 82' lang='grc' dir='ltr'><strong><em>της</em></strong></span> <span class='ocrx_word' id='word_1_82' title='bbox 206 1721 269 1806; x_wconf 86' lang='grc' dir='ltr'><strong><em>σης</em></strong></span> <span class='ocrx_word' id='word_1_83' title='bbox 287 1715 325 1786; x_wconf 90' lang='grc' dir='ltr'><strong><em>τὸ</em></strong></span> <span class='ocrx_word' id='word_1_84' title='bbox 344 1718 496 1806; x_wconf 89' lang='grc' dir='ltr'><strong><em>μέγεθος.</em></strong></span> <span class='ocrx_word' id='word_1_85' title='bbox 538 1717 651 1805; x_wconf 79' lang='grc' dir='ltr'><strong><em>ἐπειδη</em></strong></span> <span class='ocrx_word' id='word_1_86' title='bbox 678 1716 742 1806; x_wconf 81' lang='grc' dir='ltr'><strong><em>γὰρ</em></strong></span> <span class='ocrx_word' id='word_1_87' title='bbox 761 1721 794 1799; x_wconf 85' lang='grc' dir='ltr'><strong><em>ές</em></strong></span> <span class='ocrx_word' id='word_1_88' title='bbox 821 1725 1018 1808; x_wconf 86' lang='grc' dir='ltr'><strong><em>πολιορκίαν</em></strong></span> <span class='ocrx_word' id='word_1_89' title='bbox 1045 1722 1138 1788; x_wconf 85' lang='grc' dir='ltr'><strong><em>κατί-</em></strong></span> 
     </span>
     <span class='ocr_line' id='line_1_14' title="bbox 124 1819 1139 1916; baseline 0.001 -24"><span class='ocrx_word' id='word_1_90' title='bbox 124 1844 260 1912; x_wconf 89' lang='grc' dir='ltr'><strong><em>στησαν,</em></strong></span> <span class='ocrx_word' id='word_1_91' title='bbox 288 1826 496 1913; x_wconf 78' lang='grc' dir='ltr'><strong><em>έπετειχίζετο</em></strong></span> <span class='ocrx_word' id='word_1_92' title='bbox 516 1823 577 1912; x_wconf 71' lang='grc' dir='ltr'><strong><em>μὲν</em></strong></span> <span class='ocrx_word' id='word_1_93' title='bbox 595 1819 616 1912; x_wconf 81' lang='grc' dir='ltr'><strong><em>η</em></strong></span> <span class='ocrx_word' id='word_1_94' title='bbox 634 1824 729 1906; x_wconf 90' lang='grc' dir='ltr'><strong><em>πόλις</em></strong></span> <span class='ocrx_word' id='word_1_95' title='bbox 751 1819 862 1916; x_wconf 76' lang='grc' dir='ltr'><strong><em>κύκλῳ</em></strong></span> <span class='ocrx_word' id='word_1_96' title='bbox 881 1840 951 1906; x_wconf 81' lang='grc' dir='ltr'><strong><em>τοῖς</em></strong></span> <span class='ocrx_word' id='word_1_97' title='bbox 977 1826 1139 1913; x_wconf 88' lang='grc' dir='ltr'><strong><em>χῶμασιν,</em></strong></span> 
     </span>
     <span class='ocr_line' id='line_1_15' title="bbox 123 1926 1139 2023; baseline 0.002 -23"><span class='ocrx_word' id='word_1_98' title='bbox 123 1933 252 2020; x_wconf 77' lang='grc' dir='ltr'><strong><em>ἐπέρρει</em></strong></span> <span class='ocrx_word' id='word_1_99' title='bbox 281 1930 319 2000; x_wconf 72' lang='grc' dir='ltr'><strong><em>δὲ</em></strong></span> <span class='ocrx_word' id='word_1_100' title='bbox 346 1926 583 2017; x_wconf 86' lang='grc' dir='ltr'><strong><em>ὁΜυγδόνιος</em></strong></span> <span class='ocrx_word' id='word_1_101' title='bbox 609 1937 793 2017; x_wconf 81' lang='grc' dir='ltr'><strong><em>πελαγίζων</em></strong></span> <span class='ocrx_word' id='word_1_102' title='bbox 810 1930 848 1999; x_wconf 88' lang='grc' dir='ltr'><strong><em>τὸ</em></strong></span> <span class='ocrx_word' id='word_1_103' title='bbox 876 1933 950 2020; x_wconf 78' lang='grc' dir='ltr'><strong><em>περὶ</em></strong></span> <span class='ocrx_word' id='word_1_104' title='bbox 969 1934 1015 2023; x_wconf 76' lang='grc' dir='ltr'><strong><em>τῷ</em></strong></span> <span class='ocrx_word' id='word_1_105' title='bbox 1042 1939 1139 2019; x_wconf 88' lang='grc' dir='ltr'><strong><em>τείχει</em></strong></span> 
     </span>
     <span class='ocr_line' id='line_1_16' title="bbox 92 2033 1138 2127; baseline 0 -20"><span class='ocrx_word' id='word_1_106' title='bbox 92 2045 263 2127; x_wconf 79' lang='grc' dir='ltr'><strong><em>οχωρίον,</em></strong></span> <span class='ocrx_word' id='word_1_107' title='bbox 300 2037 452 2123; x_wconf 87' lang='grc' dir='ltr'><strong><em>καθάπερ</em></strong></span> <span class='ocrx_word' id='word_1_108' title='bbox 489 2033 507 2105; x_wconf 87' lang='grc' dir='ltr'><strong><em>ὁ</em></strong></span> <span class='ocrx_word' id='word_1_109' title='bbox 546 2044 682 2123; x_wconf 81' lang='grc' dir='ltr'><strong><em>Νεῖλος,</em></strong></span> <span class='ocrx_word' id='word_1_110' title='bbox 721 2044 819 2124; x_wconf 87' lang='grc' dir='ltr'><strong><em>φασί,</em></strong></span> <span class='ocrx_word' id='word_1_111' title='bbox 855 2035 917 2125; x_wconf 82' lang='grc' dir='ltr'><strong><em>τὴν</em></strong></span> <span class='ocrx_word' id='word_1_112' title='bbox 954 2047 1138 2123; x_wconf 74' lang='grc' dir='ltr'><strong><em>Αἴγυπτον.</em></strong></span> 
     </span>
     <span class='ocr_line' id='line_1_17' title="bbox 123 2141 1139 2233; baseline -0.001 -20"><span class='ocrx_word' id='word_1_113' title='bbox 123 2143 308 2233; x_wconf 76' lang='grc' dir='ltr'><strong><em>προσήγετο</em></strong></span> <span class='ocrx_word' id='word_1_114' title='bbox 328 2142 366 2213; x_wconf 72' lang='grc' dir='ltr'><strong><em>δὲ</em></strong></span> <span class='ocrx_word' id='word_1_115' title='bbox 384 2144 437 2212; x_wconf 80' lang='grc' dir='ltr'><strong><em>έπὶ</em></strong></span> <span class='ocrx_word' id='word_1_116' title='bbox 465 2146 553 2212; x_wconf 91' lang='grc' dir='ltr'><strong><em>νεῶν</em></strong></span> <span class='ocrx_word' id='word_1_117' title='bbox 569 2159 642 2225; x_wconf 80' lang='grc' dir='ltr'><strong><em>ταῖς</em></strong></span> <span class='ocrx_word' id='word_1_118' title='bbox 669 2144 819 2223; x_wconf 80' lang='grc' dir='ltr'><strong><em>ἐπάλξεσι</em></strong></span> <span class='ocrx_word' id='word_1_119' title='bbox 841 2141 883 2211; x_wconf 82' lang='grc' dir='ltr'><strong><em>τά</em></strong></span> <span class='ocrx_word' id='word_1_120' title='bbox 910 2144 1139 2233; x_wconf 76' lang='grc' dir='ltr'><strong><em>μηχανήματα,</em></strong></span> 
     </span>
     <span class='ocr_line' id='line_1_18' title="bbox 122 2247 1178 2338; baseline 0.005 -19"><span class='ocrx_word' id='word_1_121' title='bbox 122 2252 177 2319; x_wconf 78' lang='grc' dir='ltr'><strong><em>καὶ</em></strong></span> <span class='ocrx_word' id='word_1_122' title='bbox 205 2253 357 2319; x_wconf 76' lang='grc' dir='ltr'><strong><em>ἐπιπλεῖν</em></strong></span> <span class='ocrx_word' id='word_1_123' title='bbox 384 2247 478 2318; x_wconf 73' lang='grc' dir='ltr'><strong><em>ἄλλοι</em></strong></span> <span class='ocrx_word' id='word_1_124' title='bbox 506 2252 701 2319; x_wconf 76' lang='grc' dir='ltr'><strong><em>διενοοῦντο</em></strong></span> <span class='ocrx_word' id='word_1_125' title='bbox 719 2263 790 2331; x_wconf 80' lang='grc' dir='ltr'><strong><em>τοῖς</em></strong></span> <span class='ocrx_word' id='word_1_126' title='bbox 807 2256 963 2338; x_wconf 88' lang='grc' dir='ltr'><strong><em>τείχεσιν,</em></strong></span> <span class='ocrx_word' id='word_1_127' title='bbox 988 2248 1083 2320; x_wconf 80' lang='grc' dir='ltr'><strong><em>ἄλλοι</em></strong></span> <span class='ocrx_word' id='word_1_128' title='bbox 1102 2250 1178 2324; x_wconf 77' lang='grc' dir='ltr'><strong><em>δέΟ</em></strong></span> 
     </span>
     <span class='ocr_line' id='line_1_19' title="bbox 123 2352 1139 2445; baseline -0.002 -20"><span class='ocrx_word' id='word_1_129' title='bbox 123 2362 267 2443; x_wconf 76' lang='grc' dir='ltr'><strong><em>ἔβαλλον</em></strong></span> <span class='ocrx_word' id='word_1_130' title='bbox 298 2353 364 2425; x_wconf 86' lang='grc' dir='ltr'><strong><em>άπὸ</em></strong></span> <span class='ocrx_word' id='word_1_131' title='bbox 391 2359 461 2424; x_wconf 90' lang='grc' dir='ltr'><strong><em>τῶν</em></strong></span> <span class='ocrx_word' id='word_1_132' title='bbox 493 2356 656 2445; x_wconf 87' lang='grc' dir='ltr'><strong><em>χωμάτων</em></strong></span> <span class='ocrx_word' id='word_1_133' title='bbox 687 2355 766 2437; x_wconf 89' lang='grc' dir='ltr'><strong><em>τοὺς</em></strong></span> <span class='ocrx_word' id='word_1_134' title='bbox 794 2352 1028 2444; x_wconf 76' lang='grc' dir='ltr'><strong><em>ἀμυνομένους</em></strong></span> <span class='ocrx_word' id='word_1_135' title='bbox 1054 2352 1139 2443; x_wconf 74' lang='grc' dir='ltr'><strong><em>ὑπὲρ</em></strong></span> 
     </span>
     <span class='ocr_line' id='line_1_20' title="bbox 121 2460 1141 2552; baseline -0.001 -21"><span class='ocrx_word' id='word_1_136' title='bbox 121 2466 180 2551; x_wconf 77' lang='grc' dir='ltr'><strong><em>της</em></strong></span> <span class='ocrx_word' id='word_1_137' title='bbox 207 2463 343 2544; x_wconf 90' lang='grc' dir='ltr'><strong><em>πόλεως.</em></strong></span> <span class='ocrx_word' id='word_1_138' title='bbox 390 2466 426 2531; x_wconf 81' lang='grc' dir='ltr'><strong><em>οἱ</em></strong></span> <span class='ocrx_word' id='word_1_139' title='bbox 450 2462 488 2531; x_wconf 72' lang='grc' dir='ltr'><strong><em>δὲ</em></strong></span> <span class='ocrx_word' id='word_1_140' title='bbox 516 2466 552 2531; x_wconf 83' lang='grc' dir='ltr'><strong><em>ἐκ</em></strong></span> <span class='ocrx_word' id='word_1_141' title='bbox 578 2465 648 2531; x_wconf 89' lang='grc' dir='ltr'><strong><em>τῶν</em></strong></span> <span class='ocrx_word' id='word_1_142' title='bbox 669 2465 788 2550; x_wconf 86' lang='grc' dir='ltr'><strong><em>τειχῶν</em></strong></span> <span class='ocrx_word' id='word_1_143' title='bbox 815 2460 948 2551; x_wconf 75' lang='grc' dir='ltr'><strong><em>ἤμυνον</em></strong></span> <span class='ocrx_word' id='word_1_144' title='bbox 975 2466 1141 2552; x_wconf 77' lang='grc' dir='ltr'><strong><em>καρτερῶς</em></strong></span> 
     </span>
     <span class='ocr_line' id='line_1_21' title="bbox 84 2561 1138 2659; baseline -0.004 -20"><span class='ocrx_word' id='word_1_145' title='bbox 84 2572 162 2659; x_wconf 66' lang='grc' dir='ltr'><strong><em>ποτῇ</em></strong></span> <span class='ocrx_word' id='word_1_146' title='bbox 189 2569 294 2639; x_wconf 86' lang='grc' dir='ltr'><strong><em>πόλει.</em></strong></span> <span class='ocrx_word' id='word_1_147' title='bbox 339 2566 441 2657; x_wconf 82' lang='grc' dir='ltr'><strong><em>μεστά</em></strong></span> <span class='ocrx_word' id='word_1_148' title='bbox 469 2568 506 2638; x_wconf 76' lang='grc' dir='ltr'><strong><em>δὲ</em></strong></span> <span class='ocrx_word' id='word_1_149' title='bbox 532 2561 576 2656; x_wconf 84' lang='grc' dir='ltr'><strong><em>ἦν</em></strong></span> <span class='ocrx_word' id='word_1_150' title='bbox 603 2566 733 2638; x_wconf 80' lang='grc' dir='ltr'><strong><em>ἅπαντα</em></strong></span> <span class='ocrx_word' id='word_1_151' title='bbox 760 2568 924 2656; x_wconf 89' lang='grc' dir='ltr'><strong><em>σωμάτων</em></strong></span> <span class='ocrx_word' id='word_1_152' title='bbox 951 2568 1007 2636; x_wconf 81' lang='grc' dir='ltr'><strong><em>καὶ</em></strong></span> <span class='ocrx_word' id='word_1_153' title='bbox 1035 2595 1138 2636; x_wconf 92' lang='grc' dir='ltr'><strong><em>ναυα-</em></strong></span> 
     </span>
     <span class='ocr_line' id='line_1_22' title="bbox 121 2672 1139 2763; baseline 0 -18"><span class='ocrx_word' id='word_1_154' title='bbox 121 2683 209 2763; x_wconf 85' lang='grc' dir='ltr'><strong><em>γίων</em></strong></span> <span class='ocrx_word' id='word_1_155' title='bbox 235 2675 293 2745; x_wconf 77' lang='grc' dir='ltr'><strong><em>καὶ</em></strong></span> <span class='ocrx_word' id='word_1_156' title='bbox 321 2672 434 2745; x_wconf 81' lang='grc' dir='ltr'><strong><em>ὅπλων</em></strong></span> <span class='ocrx_word' id='word_1_157' title='bbox 460 2677 516 2745; x_wconf 79' lang='grc' dir='ltr'><strong><em>καὶ</em></strong></span> <span class='ocrx_word' id='word_1_158' title='bbox 545 2678 662 2762; x_wconf 81' lang='grc' dir='ltr'><strong><em>βελῶν,</em></strong></span> <span class='ocrx_word' id='word_1_159' title='bbox 690 2678 758 2743; x_wconf 89' lang='grc' dir='ltr'><strong><em>τῶν</em></strong></span> <span class='ocrx_word' id='word_1_160' title='bbox 785 2674 846 2762; x_wconf 70' lang='grc' dir='ltr'><strong><em>μέν</em></strong></span> <span class='ocrx_word' id='word_1_161' title='bbox 873 2672 947 2762; x_wconf 86' lang='grc' dir='ltr'><strong><em>άρτι</em></strong></span> <span class='ocrx_word' id='word_1_162' title='bbox 975 2681 1139 2745; x_wconf 91' lang='grc' dir='ltr'><strong><em>καταδυο-</em></strong></span> 
     </span>
     <span class='ocr_line' id='line_1_23' title="bbox 122 2776 1140 2870; baseline -0.002 -19"><span class='ocrx_word' id='word_1_163' title='bbox 122 2783 253 2870; x_wconf 88' lang='grc' dir='ltr'><strong><em>μένων,</em></strong></span> <span class='ocrx_word' id='word_1_164' title='bbox 289 2784 358 2850; x_wconf 93' lang='grc' dir='ltr'><strong><em>τῶν</em></strong></span> <span class='ocrx_word' id='word_1_165' title='bbox 390 2783 442 2869; x_wconf 85' lang='grc' dir='ltr'><strong><em>δέ,</em></strong></span> <span class='ocrx_word' id='word_1_166' title='bbox 479 2778 591 2870; x_wconf 81' lang='grc' dir='ltr'><strong><em>ἐπειδὴ</em></strong></span> <span class='ocrx_word' id='word_1_167' title='bbox 623 2779 660 2851; x_wconf 84' lang='grc' dir='ltr'><strong><em>τὸ</em></strong></span> <span class='ocrx_word' id='word_1_168' title='bbox 698 2783 832 2868; x_wconf 91' lang='grc' dir='ltr'><strong><em>πρῶτον</em></strong></span> <span class='ocrx_word' id='word_1_169' title='bbox 868 2776 934 2850; x_wconf 81' lang='grc' dir='ltr'><strong><em>ὑπὸ</em></strong></span> <span class='ocrx_word' id='word_1_170' title='bbox 971 2784 1028 2869; x_wconf 82' lang='grc' dir='ltr'><strong><em>τῆς</em></strong></span> <span class='ocrx_word' id='word_1_171' title='bbox 1064 2788 1140 2869; x_wconf 84' lang='grc' dir='ltr'><strong><em>βίας</em></strong></span> 
     </span>
     <span class='ocr_line' id='line_1_24' title="bbox 122 2883 1140 2977; baseline -0.002 -20"><span class='ocrx_word' id='word_1_172' title='bbox 122 2888 368 2977; x_wconf 77' lang='grc' dir='ltr'><strong><em>κατενεχθέντα</em></strong></span> <span class='ocrx_word' id='word_1_173' title='bbox 386 2889 519 2974; x_wconf 92' lang='grc' dir='ltr'><strong><em>κατέδυ,</em></strong></span> <span class='ocrx_word' id='word_1_174' title='bbox 546 2889 799 2975; x_wconf 80' lang='grc' dir='ltr'><strong><em>κουφιζομένων</em></strong></span> <span class='ocrx_word' id='word_1_175' title='bbox 822 2883 887 2956; x_wconf 83' lang='grc' dir='ltr'><strong><em>ὑπὸ</em></strong></span> <span class='ocrx_word' id='word_1_176' title='bbox 906 2890 968 2956; x_wconf 82' lang='grc' dir='ltr'><strong><em>τοῦ</em></strong></span> <span class='ocrx_word' id='word_1_177' title='bbox 986 2887 1140 2975; x_wconf 90' lang='grc' dir='ltr'><strong><em>κύματος.</em></strong></span> 
     </span>
     <span class='ocr_line' id='line_1_25' title="bbox 123 2991 1141 3083; baseline -0.001 -21"><span class='ocrx_word' id='word_1_178' title='bbox 123 2991 264 3076; x_wconf 87' lang='grc' dir='ltr'><strong><em>άσπίδες</em></strong></span> <span class='ocrx_word' id='word_1_179' title='bbox 300 2993 362 3082; x_wconf 72' lang='grc' dir='ltr'><strong><em>μέν</em></strong></span> <span class='ocrx_word' id='word_1_180' title='bbox 393 2995 593 3082; x_wconf 86' lang='grc' dir='ltr'><strong><em>έπενηχοντο</em></strong></span> <span class='ocrx_word' id='word_1_181' title='bbox 626 2993 807 3083; x_wconf 89' lang='grc' dir='ltr'><strong><em>βαρβάρων</em></strong></span> <span class='ocrx_word' id='word_1_182' title='bbox 844 3002 1053 3082; x_wconf 79' lang='grc' dir='ltr'><strong><em>παμπληθεῖς</em></strong></span> <span class='ocrx_word' id='word_1_183' title='bbox 1084 2996 1141 3062; x_wconf 81' lang='grc' dir='ltr'><strong><em>καὶ</em></strong></span> 
     </span>
     <span class='ocr_line' id='line_1_26' title="bbox 86 3096 1140 3192; baseline -0.002 -21"><span class='ocrx_word' id='word_1_184' title='bbox 86 3104 212 3174; x_wconf 77' lang='grc' dir='ltr'><strong><em>πνεῶν</em></strong></span> <span class='ocrx_word' id='word_1_185' title='bbox 240 3103 365 3192; x_wconf 81' lang='grc' dir='ltr'><strong><em>ἕρματα</em></strong></span> <span class='ocrx_word' id='word_1_186' title='bbox 392 3102 665 3189; x_wconf 85' lang='grc' dir='ltr'><strong><em>συντριβομένων</em></strong></span> <span class='ocrx_word' id='word_1_187' title='bbox 684 3097 735 3169; x_wconf 81' lang='grc' dir='ltr'><strong><em>ἐπ’</em></strong></span> <span class='ocrx_word' id='word_1_188' title='bbox 766 3096 883 3181; x_wconf 82' lang='grc' dir='ltr'><strong><em>αὐταῖς</em></strong></span> <span class='ocrx_word' id='word_1_189' title='bbox 900 3103 967 3168; x_wconf 91' lang='grc' dir='ltr'><strong><em>τῶν</em></strong></span> <span class='ocrx_word' id='word_1_190' title='bbox 994 3127 1140 3188; x_wconf 89' lang='grc' dir='ltr'><strong><em>μηχανη-</em></strong></span> 
     </span>
     <span class='ocr_line' id='line_1_27' title="bbox 124 3205 1184 3296; baseline 0.001 -20"><span class='ocrx_word' id='word_1_191' title='bbox 124 3208 248 3295; x_wconf 88' lang='grc' dir='ltr'><strong><em>μάτων.</em></strong></span> <span class='ocrx_word' id='word_1_192' title='bbox 303 3209 412 3295; x_wconf 82' lang='grc' dir='ltr'><strong><em>βελῶν</em></strong></span> <span class='ocrx_word' id='word_1_193' title='bbox 452 3210 583 3295; x_wconf 78' lang='grc' dir='ltr'><strong><em>πλῆθος</em></strong></span> <span class='ocrx_word' id='word_1_194' title='bbox 622 3205 863 3293; x_wconf 84' lang='grc' dir='ltr'><strong><em>έπινηχόμενον</em></strong></span> <span class='ocrx_word' id='word_1_195' title='bbox 904 3209 1026 3296; x_wconf 83' lang='grc' dir='ltr'><strong><em>μικροῦ</em></strong></span> <span class='ocrx_word' id='word_1_196' title='bbox 1067 3213 1141 3276; x_wconf 81' lang='grc' dir='ltr'><strong><em>δεῖν</em></strong></span> <span class='ocrx_word' id='word_1_197' title='bbox 1158 3224 1184 3277; x_wconf 88' lang='lat' dir='ltr'>D</span> 
     </span>
     <span class='ocr_line' id='line_1_28' title="bbox 191 3382 1142 3457; baseline -0.003 -14"><span class='ocrx_word' id='word_1_198' title='bbox 191 3394 208 3443; x_wconf 87' lang='grc'>6</span> <span class='ocrx_word' id='word_1_199' title='bbox 232 3389 392 3457; x_wconf 81' lang='grc' dir='ltr'><strong><em>πρεσβῦται</em></strong></span> <span class='ocrx_word' id='word_1_200' title='bbox 414 3389 540 3456; x_wconf 68' lang='grc' dir='ltr'><strong><em>θεοπολ]</em></strong></span> <span class='ocrx_word' id='word_1_201' title='bbox 564 3384 722 3456; x_wconf 83' lang='grc' dir='ltr'><strong><em>πρεσβύται</em></strong></span> <span class='ocrx_word' id='word_1_202' title='bbox 792 3392 808 3440; x_wconf 85' lang='grc'>9</span> <span class='ocrx_word' id='word_1_203' title='bbox 830 3387 880 3442; x_wconf 84' lang='grc' dir='ltr'><strong><em>καλ</em></strong></span> <span class='ocrx_word' id='word_1_204' title='bbox 897 3382 997 3449; x_wconf 87' lang='grc' dir='ltr'><strong><em>πόλεις</em></strong></span> <span class='ocrx_word' id='word_1_205' title='bbox 1015 3390 1040 3438; x_wconf 89' lang='lat' dir='ltr'><strong>V</strong></span> <span class='ocrx_word' id='word_1_206' title='bbox 1110 3392 1142 3440; x_wconf 87' lang='lat'><strong><em>10</em></strong></span> 
     </span>
     <span class='ocr_line' id='line_1_29' title="bbox 126 3448 1143 3595; baseline -0.005 -15"><span class='ocrx_word' id='word_1_207' title='bbox 126 3448 1021 3595; x_wconf 53' lang='lat' dir='ltr'><strong><em>2:552?⁸215222²⁵51⁰52⁶s5÷‘²‘0320352332252‘3523‘f1‘Wyffi·</em></strong></span> <span class='ocrx_word' id='word_1_208' title='bbox 1036 3456 1143 3589; x_wconf 62' lang='grc' dir='ltr'><strong><em>σου</em></strong></span> 
     </span>
    </p>
   </div>
   <div class='ocr_carea' id='block_1_3' title="bbox 126 3584 1143 3727">
    <p class='ocr_par' dir='ltr' id='par_1_3' title="bbox 126 3584 1143 3727">
     <span class='ocr_line' id='line_1_30' title="bbox 126 3584 1142 3712; baseline -0.001 -67"><span class='ocrx_word' id='word_1_209' title='bbox 126 3586 226 3655; x_wconf 77' lang='grc' dir='ltr'><strong><em>δόντος</em></strong></span> <span class='ocrx_word' id='word_1_210' title='bbox 242 3595 302 3646; x_wconf 81' lang='lat' dir='ltr'><strong><em>VM</em></strong></span> <span class='ocrx_word' id='word_1_211' title='bbox 320 3585 496 3661; x_wconf 85' lang='grc' dir='ltr'><strong><em>(μνγδῶνιος</em></strong></span> <span class='ocrx_word' id='word_1_212' title='bbox 513 3589 566 3712; x_wconf 51' lang='grc' dir='ltr'><strong><em>δὴ)</em></strong></span> <span class='ocrx_word' id='word_1_213' title='bbox 586 3588 753 3660; x_wconf 77' lang='grc' dir='ltr'><strong><em>Μυγδόνιος</em></strong></span> <span class='ocrx_word' id='word_1_214' title='bbox 769 3592 773 3657; x_wconf 95' lang='grc' dir='ltr'>Ι</span> <span class='ocrx_word' id='word_1_215' title='bbox 788 3590 837 3674; x_wconf 68' lang='grc' dir='ltr'><strong><em>τό]</em></strong></span> <span class='ocrx_word' id='word_1_216' title='bbox 855 3591 900 3672; x_wconf 44' lang='grc' dir='ltr'><strong><em>τῶ.</em></strong></span> <span class='ocrx_word' id='word_1_217' title='bbox 911 3585 943 3672; x_wconf 72' lang='grc' dir='ltr'><strong><em>τό</em></strong></span> <span class='ocrx_word' id='word_1_218' title='bbox 961 3591 986 3639; x_wconf 91' lang='lat' dir='ltr'>V</span> <span class='ocrx_word' id='word_1_219' title='bbox 1045 3594 1075 3642; x_wconf 78' lang='lat'><strong><em>17</em></strong></span> <span class='ocrx_word' id='word_1_220' title='bbox 1094 3584 1142 3644; x_wconf 82' lang='grc' dir='ltr'><strong><em>ε’πλ</em></strong></span> 
     </span>
     <span class='ocr_line' id='line_1_31' title="bbox 127 3656 1143 3727; baseline -0.003 -14"><span class='ocrx_word' id='word_1_221' title='bbox 127 3664 230 3716; x_wconf 83' lang='grc' dir='ltr'><strong><em>πλεῖον</em></strong></span> <span class='ocrx_word' id='word_1_222' title='bbox 245 3663 272 3715; x_wconf 89' lang='lat' dir='ltr'>V</span> <span class='ocrx_word' id='word_1_223' title='bbox 340 3664 374 3714; x_wconf 70' lang='lat'><strong><em>25</em></strong></span> <span class='ocrx_word' id='word_1_224' title='bbox 392 3656 512 3727; x_wconf 70' lang='grc' dir='ltr'><strong><em>ἕρματα]</em></strong></span> <span class='ocrx_word' id='word_1_225' title='bbox 532 3675 548 3712; x_wconf 87' lang='grc' dir='ltr'><strong><em>ο</em></strong></span> <span class='ocrx_word' id='word_1_226' title='bbox 566 3660 658 3727; x_wconf 90' lang='grc' dir='ltr'><strong><em>λματα</em></strong></span> <span class='ocrx_word' id='word_1_227' title='bbox 676 3660 743 3711; x_wconf 73' lang='lat' dir='ltr'>Rnk.</span> <span class='ocrx_word' id='word_1_228' title='bbox 763 3659 767 3725; x_wconf 94' lang='grc' dir='ltr'>Ι</span> <span class='ocrx_word' id='word_1_229' title='bbox 789 3660 856 3721; x_wconf 84' lang='lat' dir='ltr'><strong>„S1c</strong></span> <span class='ocrx_word' id='word_1_230' title='bbox 874 3659 1096 3724; x_wconf 79' lang='lat' dir='ltr'>d1st1nguendum</span> <span class='ocrx_word' id='word_1_231' title='bbox 1114 3666 1143 3710; x_wconf 81' lang='lat' dir='ltr'><strong><em>et</em></strong></span> 
     </span>
    </p>
   </div>
   <div class='ocr_carea' id='block_1_4' title="bbox 128 3719 1145 3867">
    <p class='ocr_par' dir='ltr' id='par_1_4' title="bbox 128 3719 1145 3867">
     <span class='ocr_line' id='line_1_32' title="bbox 128 3719 1145 3850; baseline -0.003 -69"><span class='ocrx_word' id='word_1_232' title='bbox 128 3730 274 3850; x_wconf 38' lang='lat' dir='ltr'>legendum</span> <span class='ocrx_word' id='word_1_233' title='bbox 291 3730 415 3783; x_wconf 78' lang='lat' dir='ltr'>videtur:</span> <span class='ocrx_word' id='word_1_234' title='bbox 435 3723 674 3795; x_wconf 84' lang='grc' dir='ltr'><strong><em>συντριβομένων.</em></strong></span> <span class='ocrx_word' id='word_1_235' title='bbox 699 3719 744 3779; x_wconf 72' lang='grc' dir='ltr'><strong><em>ἐπ’</em></strong></span> <span class='ocrx_word' id='word_1_236' title='bbox 766 3721 868 3786; x_wconf 83' lang='grc' dir='ltr'><strong><em>αύταῑς</em></strong></span> <span class='ocrx_word' id='word_1_237' title='bbox 881 3721 915 3779; x_wconf 69' lang='grc' dir='ltr'><strong><em>δὲ</em></strong></span> <span class='ocrx_word' id='word_1_238' title='bbox 927 3721 1145 3794; x_wconf 86' lang='grc' dir='ltr'><strong><em>μηχανημάτων</em></strong></span> 
     </span>
     <span class='ocr_line' id='line_1_33' title="bbox 129 3796 545 3867; baseline -0.005 -20"><span class='ocrx_word' id='word_1_239' title='bbox 129 3814 164 3848; x_wconf 84' lang='grc' dir='ltr'><strong><em>κα</em></strong></span> <span class='ocrx_word' id='word_1_240' title='bbox 194 3796 285 3867; x_wconf 79' lang='grc' dir='ltr'><strong><em>βελῶν</em></strong></span> <span class='ocrx_word' id='word_1_241' title='bbox 302 3796 454 3865; x_wconf 81' lang='grc' dir='ltr'><strong><em>πλῆθος“.</em></strong></span> <span class='ocrx_word' id='word_1_242' title='bbox 480 3796 545 3847; x_wconf 78' lang='lat' dir='ltr'><strong>Rsk.</strong></span> 
     </span>
    </p>
   </div>
   <div class='ocr_carea' id='block_1_5' title="bbox 180 3886 937 3938">
    <p class='ocr_par' dir='ltr' id='par_1_5' title="bbox 180 3886 937 3938">
     <span class='ocr_line' id='line_1_34' title="bbox 180 3886 937 3938; baseline 0.008 -6"><span class='ocrx_word' id='word_1_243' title='bbox 180 3893 317 3934; x_wconf 69' lang='lat' dir='ltr'><strong><em>mmm</em></strong></span> <span class='ocrx_word' id='word_1_244' title='bbox 919 3886 937 3938; x_wconf 64' lang='grc' dir='ltr'><strong><em>θ</em></strong></span> 
     </span>
    </p>
   </div>
   <div class='ocr_carea' id='block_1_6' title="bbox 0 0 1220 4290">
    <p class='ocr_par' dir='ltr' id='par_1_6' title="bbox 0 0 1220 4290">
     <span class='ocr_line' id='line_1_35' title="bbox 0 0 1220 4290; baseline 0 0"><span class='ocrx_word' id='word_1_245' title='bbox 0 0 1220 4290; x_wconf 95' lang='lat' dir='ltr'><strong><em> </em></strong></span> 
     </span>
    </p>
   </div>
  </div>
 </body>
</html>
