2416 4290
138 222 143 229 .
232 216 240 227 ·.

103 250 107 255 ·
118 252 122 261 ι

74 268 81 287 -2

552 390 690 443 onmo
708 391 729 441 1.
1109 392 1151 457 59

74 560 76 571 ·
128 512 250 600 μένειν.
290 511 442 603 ἀνθῆσαι
469 516 622 605 μὲνγὰρ
649 520 689 607 τῇ
715 516 798 607 τύχη
825 518 1038 607 προσσχόντα
1065 518 1150 610 πρὸς

74 680 77 701 ,
130 617 238 708 βραχὺ
281 620 419 712 βράδιον,
460 624 661 711 διαφυλάξαι
698 624 735 694 δέ
772 622 812 692 τά
850 627 996 694 δοθέντα
1034 623 1149 713 άγαθόι

74 792 77 815 ἶ
130 729 207 813 δίχα
235 728 434 817 φρονήσεως
461 726 504 799 ού
530 737 606 799 λίαν
626 728 778 817 εύκολον,
805 731 993 819 μᾶλλονδὲ
1021 730 1149 801 άδύνα·

129 857 188 900 τον
216 841 306 914 ίσως.
343 831 428 916 ὅλως
456 835 493 904 δὲ
521 842 553 905 εί
577 836 639 927 χρὴ
667 839 724 906 καὶ
750 838 826 926 περὶ
853 838 983 907 τούτων
1011 839 1149 928 ἐναργὲς

79 1024 82 1033 Ι
107 937 268 1025 5(γρύζειν
293 941 489 1031 τεκμήριον,
521 947 655 1012 πολλῶν
681 945 736 1012 καὶ
764 950 943 1034 γνωρίμων
975 941 1038 1012 ούκ
1065 943 1147 1015 άπο-

74 1060 77 1071 “
130 1044 285 1133 ρήσομεν.
335 1044 398 1135 τὴν
433 1046 498 1139 γάρ
535 1046 718 1137 εὐβουλίαν
759 1046 1042 1138 ὑπολαμβάνομεν
1078 1055 1186 1121 τῶνΟ

130 1153 201 1241 περί
228 1149 289 1233 τὰς
320 1154 453 1243 πράξεις
484 1152 627 1242 άγαθῶν
659 1158 714 1225 καὶ
747 1156 990 1245 συμφερόντων
1023 1160 1146 1243 ἐξευρί-

131 1277 219 1326 σκειν
248 1257 289 1327 τὰ
317 1259 483 1349 κράτιστα.
522 1278 661 1332 σκοπεῖν
688 1254 752 1331 οὖν
780 1261 875 1345 άξιον
903 1260 957 1350 ἐφ’
988 1258 1147 1332 ἁπάντων

132 1358 254 1451 άπλῶς,
288 1371 320 1435 εί
354 1365 398 1455 μὴ
429 1365 529 1437 τοῦθ’
560 1371 597 1437 έν
630 1372 698 1437 ἐστι
729 1372 797 1437 τῶν
830 1390 884 1439 σοι
916 1373 1146 1457 πραχθέντων.

80 1466 256 1563 ᾖδούκοῦν
284 1468 372 1541 ὅπου
403 1473 464 1561 μέν
490 1466 535 1563 ἦν
567 1470 726 1562 ὁμονοίας
753 1482 861 1564 χρεία,
894 1482 1021 1563 ἔχαιρες
1053 1479 1146 1544 ἐλατ-

79 1580 85 1653 ,ἰ
129 1577 305 1665 τούμενος,
334 1576 421 1649 ὅπου
449 1580 486 1649 δέ
513 1596 583 1662 τοῖς
610 1597 738 1662 κοινοῖς
770 1585 872 1671 ἐχρῆν
899 1589 1056 1670 βοηθεῖν,
1084 1582 1145 1651 τὸν

128 1684 273 1772 πόλεμον
305 1690 398 1756 εἵλου
430 1688 677 1777 προθυμότατα.
727 1689 782 1757 καὶ
815 1691 958 1777 Περσῶν
990 1688 1051 1776 μεν
1083 1687 1146 1775 τὴν

74 1814 77 1845 ¹
128 1790 275 1879 δύναμιν
302 1793 616 1883 καταστρατηγήσας
643 1791 768 1863 οὐδένα
794 1798 862 1863 τῶν
890 1790 1036 1863 ὁπλιτῶν
1063 1791 1145 1863 άπο-

126 1895 241 1985 βαλῶν
269 1900 475 1990 διέφθειρας,
502 1899 563 1970 τὸν
590 1899 674 1990 πρὸς
696 1900 776 1981 τοὺς
802 1900 992 1989 τυράννους
1020 1901 1057 1969 δὲ
1083 1901 1145 1970 πό-

91 2010 228 2091 1Βλεμον
260 2004 381 2074 διελῶν
411 2010 473 2076 τοῦ
504 2006 566 2095 μέν
598 2007 780 2096 ἐκράτησας
810 2021 883 2088 ταῖς
916 2012 1188 2095 δημηγορίαις,Ι)

124 2112 180 2178 καὶ
213 2109 277 2199 τὴν
308 2110 378 2199 μετ’
409 2116 540 2182 ἐκείνου
574 2114 720 2201 δύναμιν
753 2111 911 2203 άκέραιον
942 2115 997 2182 καί
1031 2117 1145 2182 κακῶν

124 2213 242 2305 άπαθῆ
280 2217 482 2308 προσλαβῶν
522 2223 789 2307 κατεπολέμησας
829 2223 956 2307 μᾶλλον
994 2219 1049 2288 διὰ
1087 2223 1145 2307 τῆς

124 2325 294 2405 συνέσεως
319 2322 340 2413 ἢ
361 2324 418 2395 διά
436 2329 494 2413 τῆς
513 2326 626 2416 βῶμης
653 2324 712 2394 τὸν
729 2326 902 2395 τοσούτων
919 2341 990 2406 τοῖς
1017 2340 1144 2406 κοινοῖς

124 2438 237 2499 αῖτιον
265 2434 459 2522 συμφορῶν.
497 2432 662 2521 βούλομαι
682 2432 719 2501 δὲ
747 2434 954 2519 σαφέστερον
972 2433 1047 2519 περὶ
1066 2431 1143 2498 τού-

86 2554 111 2594 ¹⁰
123 2562 194 2605 των
221 2536 326 2607 είπῶν
345 2536 448 2608 ἅπασι
467 2541 583 2625 δεῖξαι,
610 2544 677 2608 τίνι
700 2539 840 2626 μάλιστα
859 2536 1037 2617 πιστεύσας
1057 2538 1142 2624 [καὶ]

123 2643 299 2725 τοσούτοις
332 2643 460 2714 σαυτόν
492 2643 629 2726 ἐπιδοὺς
661 2645 853 2734 πράγμασιν
885 2640 1026 2724 οὐδενὸς
1058 2640 1143 2724 ὅλως

124 2748 312 2837 διήμαρτες.
364 2749 502 2821 εύνοιαν
539 2761 602 2821 οῖει
644 2756 717 2820 δεῖν
752 2749 842 2839 παρὰ
877 2753 947 2819 τῶν
983 2745 1142 2837 ὑπηκόων
1160 2770 1196 2821 48

124 2850 288 2944 ὑπάρχειν
329 2860 375 2949 τῶ
411 2857 624 2946 βασιλεύοντι
666 2857 840 2947 ἐρυμάτων
882 2854 1142 2943 ἀσφαλέστατον.

125 2961 251 3051 ταύτην
284 2963 321 3033 δέ
353 2963 568 3034 ἐπιτάττοντα
599 2964 661 3052 μέν
693 2966 749 3033 καὶ
781 2963 958 3032 κελεύοντα
990 2962 1142 3051 καθάπερ

91 3066 287 3159 *σείσφορόις
322 3071 379 3140 καί
416 3071 545 3160 φόρους
581 3070 769 3159 κτήσασθαι
805 3072 975 3150 παντελῶς
1010 3066 1143 3155 άλογον.

125 3181 270 3244 λείπεται
308 3175 349 3265 δὴ
386 3177 520 3265 λοιπόν,
562 3177 714 3266 καθάπερ
756 3174 857 3257 αύτὸς
894 3173 1062 3265 ῶρμηκας,
1103 3172 1141 3243 τὸ

209 3363 224 3410 1
249 3353 430 3428 προσσχόντα
455 3360 577 3419 Sohaeffl
606 3351 768 3427 προσχόντα
842 3363 858 3411 3
880 3361 968 3477 Ψρῖῖ.
988 3360 1143 3422 suspicatur

126 3427 301 3478 scribendum
326 3445 389 3480 οτοο
417 3426 527 3494 μᾶλλον
551 3422 584 3480 δὲ
611 3417 684 3487 όλως
707 3420 866 3483 άδύνατον.
901 3442 914 3477 ε
950 3421 983 3476 δέ
1007 3419 1060 3490 χρὴ
1083 3424 1143 3479 κτλ.

97 3538 100 3544 ,
125 3489 273 3547 4τούτων
289 3494 329 3563 V]
354 3490 464 3549 τούτων
481 3495 538 3547 τῶν
606 3500 622 3547 9
645 3492 691 3547 σοὶ
714 3497 743 3546 Μ
813 3498 844 3545 12
868 3492 935 3546 εῖλω
953 3493 985 3544 V.
1017 3491 1143 3569 Scriben3

127 3561 190 3612 dum
208 3552 337 3615 άνείλον.
368 3565 407 3618 ef.
425 3565 494 3615 941)
512 3564 579 3617 95A
598 3565 683 3616 3231)
742 3565 774 3613 14
791 3555 859 3620 τούς
877 3577 928 3611 om.
946 3560 971 3609 V
1028 3559 1060 3607 16
1078 3571 1130 3634 μετ

125 3621 239 3683 ἐκείνου
258 3628 331 3697 VM]
354 3626 409 3696 μὲν
427 3623 542 3684 ἐκείνου
613 3634 645 3683 17
666 3630 775 3698 μᾶλλον
800 3622 853 3680 διά
871 3645 895 3679 τ.
915 3639 975 3677 σον.
994 3622 1099 3701 δ’],δια
1117 3640 1142 3675 τ.

126 3710 187 3748 ουν.
202 3694 318 3779 μᾶλλον
384 3702 419 3751 20
436 3696 486 3750 καὶ
504 3699 619 3751 inclusit
638 3700 665 3749 H
728 3700 760 3748 22
778 3689 859 3760 παρά
877 3689 943 3758 τῶν]
962 3708 1099 3757 παραγων
1118 3694 1143 3743 V

126 3766 158 3814 26
176 3764 214 3832 δη
233 3764 305 3833 VM]
327 3760 360 3817 δὲ
385 3768 390 3830 Ι
416 3759 460 3834 τό]
479 3763 518 3819 τῶ
535 3767 561 3819 V
