2416 4290
65 574 86 637 2
365 572 510 625 IULIANI
526 570 775 625 IMPERATORIS

25 701 128 791 Βμέν
155 714 308 789 ποιηταῖς
325 702 465 770 Μοῦσαι
491 700 547 768 καλ
574 696 612 768 τὸ
632 704 746 767 δοκεῖν
774 701 904 768 ἐκεῖθεν
927 702 1080 770 έπιπνεο-

65 809 188 898 μένους
219 804 281 895 τήν
312 812 450 895 ποίησιν
482 805 625 894 γράφειν
657 802 818 892 άφθονον
853 807 987 894 παρέχει
1018 805 1082 895 τήν

66 916 222 995 ἐξουσίαν
253 916 315 982 τού
345 912 548 999 πλάσματος·
585 926 654 992 τοῖς
687 911 823 1001 ῥήτορσι
859 910 897 980 δὲ
929 907 949 999 ή
982 914 1080 1003 τέχνη

65 1018 127 1109 τήν
155 1029 233 1107 ίσην
259 1021 425 1108 παρέσχεν
456 1016 588 1104 άδειαν,
619 1016 657 1085 τὸ
685 1016 746 1105 μέν
777 1018 931 1087 πλάττειν
959 1015 1081 1106 άφελο·

65 1127 160 1215 με’νη,
187 1123 225 1194 τὸ
254 1125 291 1194 δὲ
309 1125 503 1194 κολακεύειν
522 1120 678 1212 οὐδαμῶς
705 1120 976 1212 ἀπαγορεύσασα,
1000 1123 1110 1195 ούδὲτ

66 1231 232 1320 αἰσχύνην
260 1228 534 1320 ὁμολογουμένην
551 1232 597 1322 τῷ
620 1231 751 1316 λέγοντι
773 1229 811 1299 τὸ
834 1233 967 1312 ψευδῶς
990 1234 1081 1301 ἐπαι-

66 1353 139 1409 νεῖν
165 1336 246 1419 τούς
273 1335 335 1407 ούκ
363 1335 477 1418 άξίους
504 1340 644 1405 ἐπαίνου
672 1342 824 1425 κρίνασα.
857 1333 928 1406 ἀλλ’
960 1342 996 1406 οί
1019 1337 1081 1426 μὲν

67 1443 202 1513 ἐπειδὰν
229 1444 349 1513 καινόν
377 1469 452 1511 τινα
470 1446 584 1530 μῦθον
611 1443 668 1510 καὶ
686 1443 823 1530 μηδέπω
841 1458 912 1524 τοῖς
929 1442 1082 1533 πρόσθεν

27 1551 289 1637 Οέπινοηθέντα
313 1550 463 1637 φέρωσιν
491 1546 586 1617 αύτολ
606 1549 795 1634 ξυνθέντες,
821 1552 868 1642 τῷ
892 1551 974 1641 ξένῳ
1002 1548 1082 1632 τούς

66 1654 252 1736 ἀκούοντας
288 1654 591 1743 ύυχαγωγήσαντες
625 1655 728 1724 πλέον
763 1655 1004 1743 θαυμάζονται·
1049 1660 1085 1725 οί
1096 1684 1124 1725 ιο

67 1762 103 1831 δὲ
131 1766 190 1852 τής
215 1763 332 1851 τέχνης
359 1759 549 1832 ἀπολαῦσαί
564 1781 670 1848 φασιν
689 1763 727 1829 ἐν
744 1764 790 1852 τῷ
818 1761 989 1831 δύνασθαι
1006 1764 1084 1851 περὶ

66 1872 133 1938 των
161 1872 290 1958 μικρῶν
316 1868 473 1957 μειζόνως
501 1868 659 1954 διελθεῖν,
685 1866 802 1938 καὶτὸ
831 1869 973 1955 μέγεθος
1000 1865 1082 1956 ιἰφε-

66 1985 137 2045 λεῖν
163 1979 232 2044 τῶν
263 1980 372 2066 έργων
398 1978 445 2066 τῷ
473 1974 577 2066 λόγῳ,
608 1975 665 2043 καί
693 1970 778 2056 ὅλως
810 1971 1015 2044 ἀντιτάττειν
1042 1979 1082 2065 τῇ

65 2085 134 2150 τῶν
152 2082 356 2171 πραγμάτων
375 2080 475 2169 φύσει
504 2081 675 2150 δύνασθαι
692 2078 754 2168 τήν
772 2084 840 2149 τῶν
859 2081 978 2168 λόγων.
1016 2078 1081 2168 έγω

66 2187 104 2256 δὲ
132 2194 162 2256 εί
188 2187 249 2276 μέν
277 2187 392 2277 ἑώρων
418 2187 540 2274 ταύτης
571 2184 717 2276 ἐμαυτὸν
745 2188 798 2256 ἐπὶ
825 2189 887 2255 τού
914 2187 1081 2277 παρόντος
1094 2214 1120 2257 15

66 2296 104 2363 έν
130 2300 224 2386 χρείᾳ
250 2298 310 2382 τής
335 2296 463 2383 τέχνης,
489 2285 574 2381 ήγον
593 2288 635 2362 όιν
653 2290 715 2381 τήν
742 2292 981 2383 προσήκουσαν
999 2291 1082 2383 ήσν·

25 2406 143 2488 ὓχίαν
175 2416 245 2482 τοῖς
276 2398 478 2490 άμελετήτως
511 2405 623 2489 ἔχουσι
655 2402 723 2468 τῶν
759 2400 923 2469 τοιούτων
960 2399 1082 2488 λόγων,

66 2510 276 2597 παραχωρῶν
307 2510 375 2576 τεόν
408 2511 480 2576 σύν
512 2508 686 2594 ἐγκωμίων
713 2508 867 2592 ἐκείνοις,
900 2497 948 2575 ύν
975 2509 1082 2600 μικρῷ

66 2613 218 2703 πρόσθεν
236 2613 419 2702 ἐμνήσθην.
453 2615 523 2683 έπεί
542 2612 580 2683 δέ
598 2610 688 2681 ἅπαν
706 2609 907 2682 τούναντίον
925 2609 944 2682 ό
963 2610 1082 2703 παρὼν

66 2716 200 2789 άπαιτεῖ
224 2720 324 2808 λόγος
349 2723 418 2789 τῶν
445 2718 650 2809 πραγμάτων
678 2714 786 2807 άπλήν
814 2719 972 2807 διήγησιν
1001 2716 1079 2790 ούδ·
1093 2747 1121 2789 ω

66 2825 143 2908 ενὸς
193 2826 388 2896 ἐπεισάκτου
437 2826 566 2914 κόσμου
617 2826 796 2914 δεομένην,
843 2827 936 2907 ἔδοξε
981 2822 1080 2915 κάμολ

66 2932 258 3023 προσήκειν,
287 2932 377 3023 (τοῦ)
406 2931 506 3015 άξίως
525 2931 752 3021 διηγήσασθαι
774 2935 842 3001 τοῖν
870 2938 979 3021 ἔργων
1006 2929 1080 3002 ἆνε-

66 3046 189 3127 φίκτον
229 3041 285 3108 καὶ
322 3039 396 3109 τότε
432 3054 502 3121 τοῖς
537 3042 768 3128 προλαβοῦσιν
804 3037 870 3128 ήδη
908 3040 1082 3126 φανέντος.

66 3143 208 3225 άπαντες
239 3143 303 3234 γάρ
336 3144 457 3235 σχεδὸν
489 3149 525 3214 οί
554 3147 628 3235 περὶ
660 3151 816 3215 παιδείαν
853 3146 1082 3235 διατρίβοντές

30 3250 133 3341 3(σε)
167 3254 204 3319 έν
235 3253 342 3344 μέτρῳ
375 3254 431 3321 καὶ
467 3252 699 3342 καταλογάδην
737 3248 919 3340 ύμνοῦσιν,
956 3256 992 3320 ολ
1020 3251 1124 3340 μένω

66 3356 196 3428 ἅπαντα
218 3360 448 3447 περιλαβεῖνέ
447 3388 469 3428 ν
487 3366 606 3447 βραχεῖ
624 3360 874 3447 τολμωντες,οί
891 3357 1083 3447 δὲμέρεσιν

133 3497 151 3544 4
172 3489 344 3612 παρέσχεν
338 3490 406 3559 VM]
432 3489 553 3573 παρέχει
638 3495 654 3544 5
676 3488 709 3545 τό
735 3488 770 3573 oz,
789 3486 961 3546 κολακεύειν
984 3486 1081 3559 V]ro'

65 3557 238 3615 κολακεύειν
278 3550 549 3679 ὲΙάπαχορεύσασα
565 3555 640 3627 V]'
622 3553 843 3641 απαγορεύονσα
899 3559 1083 3642 δψεύδοςν

66 3634 82 3681 9
102 3624 260 3694 ξυνθέντες
277 3625 347 3696 VM]
369 3624 527 3687 συνθέντες
579 3631 612 3679 14
630 3622 780 3680 δύνασθαι
797 3623 863 3696 τήν]
884 3621 938 3695 τήν
952 3620 1081 3692 δύναμιν

65 3695 309 3777 wyttenbachius,
333 3696 463 3747 Reiskiuu
487 3690 614 3761 τὴντῶν
638 3687 729 3762 λόγων
751 3693 872 3777 τέχνην,
896 3696 968 3763 quod
987 3696 1082 3748 deleto

25 3765 151 3816 ‘verbo
170 3759 320 3816 δύνασθαι
338 3764 509 3829 probandum
526 3764 636 3815 videtur
710 3767 741 3815 19
759 3755 932 3817 τούναντίον
949 3760 990 3830 Μ]
1015 3755 1081 3815 τού·

25 3825 185 3900 Ἲάντιον
242 3834 275 3882 22
294 3830 345 3883 τοῦ
363 3831 427 3885 εδδ.
446 3831 513 3883 Rsk.
577 3832 610 3884 ‘23
628 3825 694 3884 τότε
712 3831 905 3898 προλαβοῦσιν
923 3834 992 3883 VM.
1020 3833 1081 3897 Ego

66 3892 130 3953 τότε
149 3899 254 3951 deleam
310 3902 343 3951 λδ
361 3913 392 3951 σε
409 3898 471 3951 add.
490 3898 657 3952 Schaeferus
673 3898 677 3965 Ι
693 3897 743 3952 καλ
761 3916 813 3951 om.
832 3902 857 3952 V
913 3900 945 3949 λθ
964 3890 995 3952 έν
1015 3905 1080 3951 ante

65 3964 181 4032 μέρεσιν
199 3968 281 4034 vulgo
299 3967 423 4020 addItum
440 3967 544 4020 delevit
561 3968 629 4019 Rsk
