2416 4290
152 110 196 173 40
455 112 599 164 ιυτιεαι
620 108 870 163 ιωεεεατοειε
1080 76 1083 81 ’
1126 72 1131 81 ’
1197 96 1200 103 “

155 236 191 319 ὃς
219 240 319 306 πάλαι
347 239 407 326 μὲν
436 235 625 329 ἀπορραγὲν
644 238 681 306 τό
702 238 899 329 στρατήγιον
927 234 991 306 ἀπὸ
1020 239 1082 305 τοῦ
1110 235 1168 324 βή-

154 373 256 433 ματος
284 349 316 425 ές
343 342 466 414 ταύτὸν
494 346 595 413 πόλιν
624 349 847 432 ἐπαναγαγεῖν
879 342 1022 432 ἠξίωσας
1050 347 1170 431 σχῆμα,

155 452 359 540 μιμούμενος
395 451 487 540 οἶμαι
522 449 684 521 Ὀδυσσέα
720 455 776 521 καὶ
808 453 962 540 Νέστορα
998 452 1054 519 καὶ
1090 447 1171 531 τοὺς

115 581 136 637 c
156 557 324 639 ἐξελόντας
342 558 545 648 Καρχηδόνα
561 554 730 646 Ῥωμαίων
758 556 978 647 στρατηγούς,
1007 562 1042 625 οἳ
1067 562 1169 644 φοβε-

63 706 66 711 -
156 666 321 754 ρωτέρους
349 660 473 746 αὐτούς
501 662 565 734 ἀπὸ
593 668 655 734 τοῦ
681 665 829 754 βήματος
855 679 925 745 τοῖς
952 659 1131 732 ἀδικοῦσιν
1148 657 1196 751 ἧι

154 785 224 853 τοῖς
256 778 425 859 πολεμίοις
458 772 511 840 ἐπὶ
542 776 601 860 τῆς
632 772 844 862 παρατάξεως
877 768 928 839 ἆεὶ
954 770 1170 857 κατέστησαν.

154 879 401 965 Δημοσθένους
434 877 471 947 δέ
503 879 559 946 καί
591 875 683 959 ὅστις
713 881 836 947 τοῦτον
869 876 1007 965 ἐζήλωκε
1037 873 1102 965 τὴν
1133 876 1170 945 έν

155 998 225 1065 τοῖς
251 983 364 1071 λόγοις
397 982 494 1072 ίσχύν
522 984 737 1072 αίδούμενος,
765 987 810 1077 τῷ
838 983 950 1076 τρόπῳ
978 984 1036 1070 τῆς
1065 987 1169 1070 δημη-

155 1095 271 1179 γορίας
312 1086 427 1159 οὔποτ’
467 1085 510 1158 ἂν
551 1087 728 1179 ἀξιώσαιμι
763 1093 810 1182 τῷ
828 1156 831 1162 ,
848 1090 926 1182 (σῷ)
963 1094 1169 1178 παραβαλεῖν

154 1192 318 1265 τάκείνων
349 1196 482 1286 θέατρα.
530 1193 572 1266 ού
603 1194 667 1287 γὰρ
701 1199 737 1266 ἐν
768 1211 839 1278 τοῖς
871 1192 1020 1276 ὁπλίταις
1047 1196 1169 1283 έδημη-
1182 1224 1203 1263 1¹

154 1301 282 1392 γόρονν
301 1299 381 1372 οὐδὲ
399 1298 483 1390 ὑπὲρ
501 1302 674 1373 τοσούτων
691 1301 958 1389 κινδυνεύοντες,
986 1297 1054 1370 ἄλλ’
1084 1295 1170 1390 ὑπὲρ

153 1407 332 1498 χρημάτων
358 1405 379 1498 ἢ
407 1412 502 1497 τιμῆς
528 1406 549 1497 ἢ
578 1409 686 1497 δόξης,
713 1405 734 1498 ἢ
759 1415 871 1497 φίλοις
888 1421 1043 1496 συνερεῖν
1071 1409 1170 1494 έπαγ-

110 1539 136 1594 D
155 1515 354 1603 γειλοίμενοι,
383 1511 533 1604 ἀπῄεσαν
552 1514 644 1604 οἶμαι
662 1517 821 1597 πολλάκις
839 1510 908 1584 ἇπδ.
931 1516 993 1583 τοῦ
1011 1512 1171 1601 βήματος,

154 1624 216 1690 τοῦ
236 1620 344 1709 δήμου
363 1620 631 1710 θορυβησαντος,
659 1618 761 1711 ὠχροὶ
779 1622 836 1691 καὶ
853 1622 1038 1710 τρέμοντες,
1058 1615 1170 1709 ὥσπερ

156 1730 192 1795 οί
217 1728 321 1795 δειλοὶ
348 1730 416 1796 τῶν
443 1734 612 1815 πολεμίων
630 1730 667 1797 ἐν
695 1726 770 1810 όυει
798 1727 978 1818 στρατηγοὶ
1004 1751 1170 1816 παρατατ-
1201 1761 1208 1784 κ

154 1832 298 1920 τόμενοι.
344 1835 399 1901 καὶ
433 1830 546 1914 οὐδεὶς
573 1830 616 1902 όν
643 1839 749 1903 εἰπεῖν
781 1840 851 1922 έχοι
877 1835 1041 1902 τοσούτου
1070 1838 1171 1922 ἔργον

95 1964 98 1971 ·
155 1939 255 2029 ἑτέρω
283 1937 435 2028 πραχθέν
466 1938 599 2009 πεόποτε
625 1941 683 2009 καὶ
709 1940 880 2010 τοσούτων
912 1942 1026 2009 ἐθνῶν
1052 1941 1172 2026 κτῆσιν

155 2046 191 2113 έκ
219 2050 461 2134 δικαστηρίου,
477 2043 584 2127 ἄλλως
610 2073 645 2115 τε
667 2045 827 2134 καὶπρὸς
853 2043 963 2135 ἄνδρα
990 2048 1048 2133 τῆς
1076 2050 1172 2133 δίκης

99 2180 136 2231 ης
156 2148 260 2239 οόσης
296 2148 368 2239 ούχ,
407 2147 452 2234 ὡς
484 2155 519 2221 οί
552 2159 673 2222 πολλοί
705 2174 827 2241 φασιν,
849 2148 1171 2246 εὐκαταφρόνητον,

155 2253 239 2326 ἄλλα
266 2265 405 2340 πολλαῖς
422 2258 484 2346 μὲν
503 2264 688 2348 στρατείαις
711 2258 893 2349 γνώριμον,
912 2257 1106 2347 πρεσβύτην
1134 2256 1172 2327 δὲ
1196 2293 1204 2315 ι

56 2429 58 2435 .
154 2360 220 2450 ἤδη
257 2367 313 2433 καὶ
350 2363 412 2453 τὴν
448 2368 621 2454 ἐμπειρίαν
662 2367 698 2434 ἐκ
734 2368 795 2434 τοῦ
835 2364 961 2455 χρόνον
1003 2367 1172 2433 δοκοῦντα

154 2471 416 2558 προσειληφέναι
443 2472 499 2539 καὶ
525 2473 595 2539 τῶν
623 2473 858 2559 στρατοπέδων
889 2473 1028 2539 ἐκείνων
1056 2468 1172 2558 όίρχειν

154 2573 299 2663 λαχόντα
325 2574 436 2645 πολύν
462 2574 527 2665 ἤδη
556 2576 689 2667 χρόνον.
726 2584 777 2659 τίς
795 2570 858 2646 οὖν
885 2572 906 2666 ἡ
930 2576 1024 2666 ῥύμη
1053 2578 1173 2663 γέγονε

153 2683 222 2749 τῶν
250 2682 376 2768 λόγων;
408 2688 458 2763 τίς
486 2681 523 2751 δέ
552 2678 572 2771 ἡ
600 2682 709 2753 πειδιδ
737 2697 807 2765 τοῖς
839 2688 983 2771 χείλεσιν
1010 2684 1171 2770 ἐπικαθη-

153 2789 251 2875 μένη,
280 2784 330 2877 (ἢ)
359 2792 584 2858 παντοδαπόν
617 2786 810 2878 ἀνθρώπων
839 2789 1105 2877 συνειλεγμένων
1131 2785 1169 2858 τδ

152 2895 295 2983 κέντρον
327 2896 541 2965 ἐναπολιπεῖν
573 2904 689 2983 ίσχυσε
716 2911 787 2977 ταῖς
818 2909 955 2983 ψυχαῖς,
987 2896 1043 2964 καὶ
1071 2902 1172 2983 νίκην

223 3080 238 3128 2
258 3068 287 3137 ἐς
305 3076 374 3144 VM]
394 3074 435 3138 είς
456 3076 461 3143 1
482 3069 590 3131 ταύτδν
610 3077 645 3145 V]
663 3071 751 3132 ταύτό
770 3078 775 3146 1
793 3070 989 3146 ἐπαναγαγεῖν
1007 3076 1042 3144 V]
1061 3070 1171 3131 ἐπανά-

153 3160 216 3210 γειν
269 3147 285 3196 5
307 3138 414 3206 αύτούς
431 3146 489 3198 VM
558 3150 574 3197 9
596 3142 635 3198 τῶ
653 3145 692 3214 σῷ
711 3145 785 3212 Pon]
804 3145 842 3213 τῷ
869 3147 873 3210 Ι
899 3145 1081 3213 παραβαλεῖν
1098 3142 1170 3214 ΠΙ]

152 3207 352 3279 παραβάλλειν
422 3216 454 3265 10
476 3198 662 3266 τᾶκείνονὟ
688 3211 692 3279 Ι
719 3208 755 3266 ού
778 3208 832 3280 γοὶρ
855 3212 894 3281 V]
914 3205 983 3265 ούδδ
1007 3206 1065 3300 γὰρ
1139 3215 1171 3265 12

154 3284 286 3345 συνερεῖν
308 3281 374 3332 Rsk.
394 3287 423 3332 et
440 3279 539 3348 Wytt.]
563 3285 713 3349 συνεργεῖν
783 3284 815 3333 13
837 3274 969 3350 ἀπῄεσαν
998 3280 1117 3334 απ”σαν
1143 3281 1171 3332 H

154 3349 186 3398 15
199 3353 227 3399 et
240 3350 272 3398 16
289 3340 541 3414 παραταττόμενοι
559 3346 626 3415 VM]
646 3343 855 3414 ταραττόμενοι
907 3351 940 3400 16
974 3366 1020 3417 χοι
1040 3300 1171 3467 gahausi]

154 3408 213 3480 ἔχει
236 3414 277 3476 Μ,
303 3410 354 3484 ἔχη
375 3433 393 3467 v
464 3419 494 3467 17
517 3415 645 3479 πῶποτε,
668 3421 701 3467 ut
722 3417 807 3481 solet,
830 3417 855 3468 V
922 3420 956 3470 20
978 3419 1129 3482 στρατιαῖς

31 3542 34 3549 Ι
152 3471 223 3548 2551*
243 3481 305 3532 εδδ.
324 3483 390 3538 Rsk.
409 3489 437 3534 ει
455 3483 566 3534 Schaef.
636 3485 669 3535 26
688 3483 785 3551 ἴσχυσε
804 3483 926 3551 Βελιστί]
946 3477 1059 3552 ἰσχύσαι
