2416 4290
547 396 681 450 ORATIO
699 398 722 448 1.
1100 396 1144 461 25

114 521 327 613 ἀπέστησαν,
357 520 484 607 αύτούς
506 521 786 613 άπωλοφύραντο,
815 527 850 591 ολ
872 522 907 591 δὲ
931 522 993 611 τὴν
1015 530 1141 614 παροῦ-

115 652 181 700 σαν
210 631 318 719 τύχην
347 634 407 719 τῆς
433 630 583 719 πρόσθεν
611 627 751 718 ἠγάπων
779 632 906 717 μᾶλλον
934 636 1141 714 δυναστείας.

116 740 175 806 καὶ
209 741 245 806 οί
276 737 338 825 μὲν
377 735 559 825 φεύγοντες
597 742 789 826 ἔμπροσθεν
827 741 911 827 ἔργω
949 753 1142 829 σωφρονεῖν

116 850 254 932 ἔφασαν
278 846 454 933 ἐκμαθεῖν,
479 849 514 912 οί
535 842 572 913 δέ
595 845 657 911 τοῦ
680 840 723 930 μὴ
744 846 945 930 μεταστῆναι
964 847 1022 932 τῆς
1047 842 1140 933 άμοι·

89 953 183 1039 εβῆς
211 947 305 1031 άξίας
332 949 518 1037 τυγχάνειν.
559 948 704 1037 τοσαύτη
738 948 774 1017 δέ
803 948 930 1038 ἐχρήσω
959 952 1033 1037 περὶ
1061 952 1141 1035 τοὺς

118 1054 348 1136 κατελθόντας
375 1051 544 1146 ὑπερβολῇ
571 1058 708 1143 δωρεῶν
731 1056 787 1124 καὶ
811 1058 920 1143 τιμῆς,
949 1053 1032 1125 ὥστε
1057 1059 1140 1146 μηδὲ

120 1178 190 1243 τοῖς
210 1165 378 1250 ἐχθίστοις
402 1165 500 1250 σφῶν
519 1153 557 1231 εὖ
575 1161 758 1251 πράττουσι
777 1162 832 1228 καὶ
851 1159 892 1228 τὰ
910 1161 1021 1230 είκότα
1040 1192 1139 1251 τιμω-
1156 1172 1182 1227 Β

120 1270 236 1357 μένοις
263 1265 430 1356 ἄχθεσθαι
453 1268 537 1356 μηδὲ
563 1274 767 1355 βασκαίνειν.
808 1270 913 1336 ταῦτα
938 1268 974 1337 δὲ
998 1271 1035 1337 ἐν
1058 1277 1140 1359 βρα-

119 1390 174 1463 χεῖ
199 1374 489 1462 καταστησάμενος
515 1376 571 1443 καί
597 1373 677 1454 τοὺς
704 1376 737 1455 ἐξ
762 1371 915 1461 Ἀραβίας
942 1374 1063 1463 ληστάς
1087 1379 1140 1446 ἐπὶ

84 1479 202 1562 ιοτοὺς
229 1486 408 1568 πολεμίους
434 1496 506 1561 ταῖς
532 1486 723 1569 πρεσβείαις
749 1482 885 1568 τρέψας,
914 1482 967 1549 ἐπὶ
995 1480 1052 1564 τὰς
1079 1487 1140 1553 τοῦ

121 1589 271 1675 πολέμου
303 1585 516 1676 παρασκευάς
548 1579 663 1675 ἦλθες,
697 1582 779 1675 ὑπὲρ
813 1577 861 1654 οἷν
894 1583 935 1655 ού
963 1603 1075 1676 χεῖρον
1104 1592 1141 1658 ἐν

122 1701 244 1781 βραχεῖ
263 1707 444 1782 προειπεῖν.

210 1801 277 1887 Της
308 1797 373 1887 γάρ
407 1798 542 1890 εἰρήνης
568 1792 632 1889 τῆς
663 1799 815 1887 πρόσθεν
846 1813 916 1879 τοῖς
948 1799 1009 1887 μέν
1042 1822 1140 1889 στρα-

122 1906 315 1993 τευομένοις
347 1903 482 1993 ἀνείσης
514 1904 594 1986 τοὺς
625 1905 766 1991 πόνους,
802 1920 872 1985 τοῖς
908 1911 1140 1997 λειτουργούσι

90 2036 110 2075 15
123 2011 160 2080 δέ
192 2013 402 2099 κουφοτέρας
435 2010 507 2102 (τὰς
539 2010 761 2101 λειτουργίας)
793 2013 1046 2102 παρασχούσης,
1078 2018 1140 2084 τοῦ

123 2120 270 2206 πολέμου
304 2115 341 2187 δέ
372 2118 550 2208 χρημάτων
581 2120 638 2186 καὶ
671 2126 862 2206 σιτηρεσίου
894 2120 949 2187 καὶ
982 2126 1140 2208 χορηγίας

122 2226 274 2313 λαμπράς
301 2226 479 2312 δεομένου,
506 2222 594 2294 πολύ
621 2225 658 2292 δέ
685 2226 786 2293 πλέον
814 2224 929 2313 ἰσχύος
950 2227 1006 2294 καὶ
1029 2226 1180 2314 ρύμηςο

70 2394 72 2399 .
122 2331 176 2399 καλ
199 2332 259 2418 τῆς
283 2332 320 2397 ἐν
341 2345 412 2411 τοῖς
435 2328 549 2411 ὅπλοις
573 2333 743 2421 ἐμπειρίας
765 2335 834 2400 τῶν
857 2336 1140 2420 στρατευομένων,

123 2432 332 2526 ὑπάρχοντος
360 2436 398 2505 δέ
426 2434 568 2518 ούδενὸς
595 2437 717 2524 σχεδὸν
743 2436 1011 2524 τῶντοιούτων,
1040 2434 1140 2519 αὐτὸς

91 2544 259 2632 ιοέξηύρες
287 2543 343 2611 καὶ
370 2545 585 2631 κατέστησας,
617 2559 687 2625 τοῖς
719 2542 780 2630 μὲν
809 2543 874 2632 (ἐν)
902 2538 1014 2633 ἡλικίᾳ
1042 2565 1140 2631 στρα-

122 2648 281 2717 τεύεσθαι
318 2650 480 2736 λαχοῦσιν
516 2646 693 2731 ἀποδείξας
734 2652 801 2717 τῶν
838 2648 954 2718 πόνων
990 2652 1139 2739 μελέτην,

122 2760 361 2841 παπαπλησίαν
394 2755 431 2824 δέ
461 2770 532 2837 τοῖς
563 2762 732 2844 πολεμίοις
766 2753 903 2845 ἱππικὴν
935 2758 1139 2845 καταστησά-

70 2846 72 2859 ’
122 2888 222 2948 μενος
256 2860 423 2949 δύναμιν,
459 2865 504 2953 τῷ
541 2866 625 2954 πεζῷ
663 2863 700 2932 δέ
737 2862 889 2944 ἐπιτάξας
919 2865 988 2931 τῶν
1024 2864 1140 2934 πόνων

122 2972 272 3055 ἔχεσθαι·
318 2969 374 3035 καὶ
406 2971 510 3037 ταῦτα
543 2965 585 3037 ού
617 2968 741 3058 ῥήμασι
767 2968 874 3056 μόνον
902 2966 982 3038 οὐδὲ
1009 2972 1042 3051 ἐξ
1071 2973 1140 3040 ἐπι-

88 3072 302 3162 ιιτάγματος,
334 3077 480 3162 μελετῶν
508 3073 545 3145 δέ
572 3073 673 3156 αὐτὸς
700 3075 756 3143 καὶ
784 3074 1057 3164 συνασκούμενος
1083 3079 1139 3147 καὶ
1158 3090 1185 3145 D

123 3179 289 3249 δεικνύων
317 3186 404 3272 ἔργῳ
432 3177 470 3249 τὸ
492 3183 673 3269 πρακτέον,
701 3182 855 3270 πολέμων
879 3182 1017 3271 ἐργάτας
1040 3182 1138 3271 άφνω

122 3289 333 3373 κατέστησας.
369 3286 547 3376 χρημάτων
566 3287 603 3357 δὲ
622 3288 768 3369 ἐπενόεις
785 3287 922 3378 πόρους,
947 3287 1009 3358 ούκ
1028 3288 1140 3371 αύξων

123 3391 202 3473 τούς
229 3392 359 3482 φόρους
387 3389 467 3461 ούδέ
494 3391 554 3474 τὰς
581 3395 766 3481 συντάξεις,
793 3395 946 3482 καθάπερ
967 3393 1140 3484 Ἀθηναῖοι

191 3565 205 3612 1
228 3556 338 3623 αύτούς
361 3564 419 3613 VM
488 3565 503 3612 6
527 3561 611 3631 τιμῆς
634 3564 693 3631 (vel
717 3567 810 3631 potius
837 3564 937 3631 τιμῶν)
960 3561 1041 3629 Rsk.]
1071 3564 1139 3631 τιμῇ

123 3622 302 3697 θάρραβίας
326 3631 385 3683 VM
454 3634 487 3681 12
511 3637 676 3698 προσειπεῖν
699 3634 758 3683 VM
827 3635 859 3683 15
885 3626 936 3691 τάς
960 3632 1139 3699 λειτουργίας

125 3697 276 3817 ιηῗᾱ.ί1ὶείε.
347 3701 381 3749 20
408 3690 527 3764 ἐξηῦρες
550 3698 588 3765 Η]
618 3693 731 3766 ἐξεῦρες
754 3699 758 3767 Ι
783 3693 814 3752 ἐν
838 3692 939 3770 ἡλικίᾳ
962 3699 1030 3750 Rsk.
1049 3705 1076 3751 et
1098 3699 1137 3766 Η]

123 3782 221 3832 τοι
