2416 4290
543 424 680 479 οιιιτιο
699 428 721 477 ι.
1103 428 1141 491 ης

112 554 213 641 λόγου
252 568 331 635 τοῖς
371 550 508 641 ἡγεμόσι
543 556 612 621 τῶν
653 550 772 622 άλλων.
826 560 932 623 καίτοι
970 558 1040 635 πῶς
1078 552 1141 625 οὐκ

115 658 237 749 εὔηθες
269 656 433 729 ἀπαιτεῖν
458 660 524 747 ’μὲν
556 656 675 748 ἀρετῆς
706 662 849 747 μέγεθος
885 658 1141 749 άυυπέρβλητον

116 764 205 857 παρὰ
222 770 295 835 τῶν
314 763 503 857 ἀρχόντων,
526 780 686 854 προνοεῖν
705 766 743 834 δὲ
761 769 877 854 μηδέν,
897 764 987 847 ὅπως
1006 774 1140 837 ε”σονται

117 876 185 943 τῶν
215 876 356 943 πολλῶν
390 875 620 960 διαφέροντεςς
658 873 711 940 καὶ
745 888 816 953 τοῖς
847 872 909 959 μὲν
946 874 1140 961 βαρβάροις,

95 977 245 1049 εᾶπασιν
273 982 312 1048 ἐν
339 982 443 1071 κοινῷ
470 982 528 1067 τῆς
560 975 662 1069 άρχῆς
689 978 811 1067 ταύτης
842 983 1075 1067 προκειμένης.
1102 980 1140 1049 τὸ

121 1084 182 1175 τὴν
209 1087 401 1173 ἐπιμέλειαν
418 1088 487 1153 τῶν
513 1082 611 1172 ἠθῶν
630 1080 751 1173 ὁμοίαν
769 1092 945 1171 γίγνεσθαι
975 1086 1140 1174 παράσχοι

121 1191 341 1281 συγγνώμην·
372 1189 434 1260 τόν
460 1194 664 1278 Λυκοῦργον
692 1190 729 1260 δὲ
756 1206 826 1272 τοῖς
853 1188 914 1277 ἀφ’
940 1188 1183 1279 Ἡρακλέουςῐ)

120 1296 367 1386 άστυφίλικτον
389 1295 451 1384 τὴν
470 1304 644 1385 βασιλείαν
667 1298 937 1385 διαφυλάττοντα
965 1300 1051 1385 [καὶ]
1080 1326 1140 1386 μη-

121 1410 243 1493 δεμίαν
261 1400 431 1492 ὑπεροχὴν
449 1406 487 1471 ἐν
503 1418 577 1484 ταῖς
590 1406 789 1491 ἐπιμελείαις
807 1408 875 1472 τῶν
889 1406 978 1473 νέων
997 1400 1141 1492 εὑρόντα

84 1536 108 1575 ιο
120 1510 258 1603 σφόδρα
285 1507 330 1579 άν
356 1536 406 1592 τις
434 1510 569 1591 εἰκότως
595 1512 767 1599 μέμψαιτο.
804 1508 885 1579 οὐδὲ
913 1509 976 1599 γάρ
1000 1516 1032 1579 εί
1057 1512 1140 1579 πάν-

119 1646 179 1699 τας
211 1621 503 1704 Λακεδαιμονίους
535 1613 683 1703 άθλητδις
714 1614 833 1705 άρετῆς
865 1618 919 1685 καί
955 1624 1141 1704 τροφίμους

122 1722 204 1817 ᾤετο
234 1728 308 1793 δεῖν
335 1720 436 1808 εἶναι,
470 1725 527 1811 τῆς
554 1732 628 1809 ῖσης
659 1720 777 1804 άξιοῦν
804 1726 906 1811 ἐχρῆν
932 1727 1059 1810 τροφῆς
1086 1724 1138 1791 καλ

121 1834 275 1911 παιδείας
301 1826 381 1910 τούς
408 1828 543 1910 ίδιῶτας
560 1843 630 1909 τοῖς
657 1826 830 1917 άρχουσιυ.
870 1826 887 1915 ί,
913 1828 976 1917 γάρ
1004 1829 1140 1917 τοιαύτη
1162 1842 1194 1889 15

122 1934 206 2005 κατὰ
234 1932 356 2025 μικρὸν
387 1930 603 2024 ὑποδυομένη
637 1936 803 2023 συνήθεια
835 1950 907 2017 ταῖς
938 1950 1061 2023 ψυχαῖς
1088 1938 1141 2003 ἕν-

88 2058 230 2113 υτειιεῖν
262 2038 450 2131 ὑπεροψίαν
482 2044 550 2110 τῶν
586 2042 799 2129 κρειττόνων·
837 2040 923 2123 ὅλως
959 2040 1022 2130 γάρ
1060 2039 1141 2110 οὐδὲ

123 2155 313 2237 κρείττονας
346 2151 523 2235 νομιστέον
549 2144 632 2229 τούς
664 2146 706 2217 ού
733 2146 779 2217 δι’
810 2146 931 2237 άρετίχν
958 2148 1141 2237 πρωτεύειν

124 2256 294 2345 λαχόντας.
340 2256 440 2322 τοῦτο
473 2253 510 2323 δὲ
543 2252 635 2343 οἶμαι
668 2256 722 2323 καὶ
751 2256 963 2344 Σπαρτιάτας
995 2264 1140 2342 χαλεπω-

125 2363 240 2451 τέρους
276 2358 445 2451 άρχθηναι
480 2375 551 2441 τοῖς
590 2364 764 2448 βασιλεῦσι
800 2378 934 2450 παρεῖχε
975 2360 1142 2441 πολλάκις.

74 2498 77 2549 3
127 2468 282 2557 χρήσαιτο
316 2463 349 2535 δ’
384 2463 429 2534 άν
459 2493 509 2548 τις
542 2482 645 2555 σαφεῖ
674 2475 838 2559 τεκμηρίῳ
870 2470 938 2535 τῶν
966 2468 1142 2555 ῥηθέντων

74 2577 165 2667 χωτῇ
181 2573 390 2663 Λυσάνδρου
417 2571 501 2661 πρὸς
521 2570 718 2661 Ἀγησίλαον
746 2580 916 2663 φιλοτιμίᾳ
945 2574 997 2641 καὶ
1028 2570 1181 2653 άλλοιςΒ

74 2670 76 2675 ’
130 2686 285 2767 πλείοσιν,
313 2675 419 2749 ἐπιῶν
444 2677 485 2747 τὰ
512 2684 727 2769 πεπραγμένα
746 2696 815 2761 τοῖς
843 2678 1016 2769 άνδράσιν.
1043 2675 1142 2746 Ιάλλόι

132 2800 194 2869 τοῖς
230 2785 292 2874 μὲν
324 2781 345 2874 ἡ
382 2792 532 2856 πολιτεία
563 2786 633 2877 (τά)
671 2784 755 2875 πρὸς
792 2784 913 2875 άρετὴυ
951 2784 1143 2875 ἀρκούντως

134 2892 437 2983 παρασκευάζουσα,
465 2898 497 2961 εί
522 2894 578 2961 καλ
605 2894 711 2983 μηδὲν
744 2896 908 2983 διαφέρον
936 2891 1142 2980 ἐπιτηδεύειν

137 2998 243 3069 ἐδίδου
269 3002 338 3068 τῶν
364 3002 509 3085 πολλῶν,
537 2996 619 3069 άλλόι
637 2998 674 3068 τὸ
703 3008 817 3080 καλοῖς
843 2997 1007 3084 κάγαθοῖς
1038 2994 1140 3085 ὑπάρ-

74 3122 199 3191 μῦχειν
232 3120 389 3196 παρεῖχεν
425 3102 585 3193 άυδράσι·
626 3111 871 3195 Καρχηδονίων
912 3105 949 3175 δὲ
985 3102 1066 3174 οὐδὲ
1102 3101 1142 3171 τά

102 3247 105 3254 ·
141 3210 225 3281 τοινόι
249 3214 319 3281 τῶν
346 3212 616 3301 ἐπιτηδευμάτων
634 3215 783 3281 ἐπαινεῖν
807 3210 909 3293 άξιον.
947 3212 1141 3293 ἐξελαύνον-

103 3325 106 3331 ’
145 3340 187 3397 τες
209 3316 271 3408 γάρ
297 3320 368 3387 τῶν
386 3321 504 3388 οίιιιῶυ
523 3323 558 3388 οί
582 3334 692 3405 γονεῖς
710 3317 789 3399 τοὺς
815 3325 938 3399 παῖδας
966 3320 1142 3387 ἐπίταττον

198 3470 255 3519 δεῖ
271 3472 287 3520 6
305 3466 358 3520 τοῦ
377 3462 432 3535 τὴν
449 3462 525 3549 ἒπιμ.
544 3486 567 3523 τ.
585 3459 670 3547 ἠδ’
657 3486 703 3536 ομ.
720 3469 795 3536 χίμν.
815 3460 974 3551 παράσχοις
993 3456 1032 3517 διν
1050 3467 1142 3530 suspi-

95 3598 98 3603 ,
148 3536 210 3585 πλυτ
228 3534 339 3588 Βολιιεί.
411 3531 499 3588 ῖτόν
517 3535 684 3604 Λυκοῦργον
709 3533 743 3589 δὲ
762 3535 797 3602 V]
820 3553 871 3588 τον
895 3535 928 3587 δε
949 3530 1141 3602 ΛυκοῦρχονΙ

95 3605 99 3631 ¹
148 3588 268 3681 ἡπτλόος
288 3605 314 3655 V
400 3602 489 3656 Βοιαὶ
515 3605 660 3656 delendum
687 3606 805 3657 ιίδειιιτ.
844 3606 881 3653 οῖ.
907 3603 941 3653 οδ
967 3603 1039 3651 ΠΙ)
1126 3605 1143 3654 8

150 3666 274 3791 m„
254 3671 327 3737 μίαν
348 3675 410 3725 VM
496 3666 567 3724 145
568 3671 696 3739 ντειιεῖν]
687 3666 855 3739 Ῑένίτεκεν
877 3671 979 3747 wy,tt‚
1009 3664 1143 3745 πέφυκεν

74 3798 77 3805 ,
226 3740 332 3794 ῖνΡεῖ.
397 3742 431 3791 21
449 3733 592 3807 ἀνδράσιν
608 3736 678 3807 VM]
699 3734 821 3803 άνδράσι
885 3739 918 3786 22
935 3730 972 3787 τά
989 3742 1053 3786 ante
1072 3733 1144 3801 πρὸς

154 3800 338 3874 ιῖῖιιίιῑτγιι.

192 3904 285 3951 lulium
296 3910 318 3951 Ι.
914 3894 930 3942 2
