2416 4290
549 368 687 423 ORATIO
704 372 727 421 Ι.

121 493 257 578 ἄκοντες
293 492 381 585 ήμῐν
418 492 629 585 ὑπήκουσαν,
662 503 696 578 ἐς
728 496 792 586 (τε)
824 496 904 579 τοὺς
939 500 1148 586 καταλόγους

121 606 190 672 τῶν
219 603 480 692 στρατευμάτων
507 603 732 692 ἐγγράφονται
758 605 815 674 καλ
841 608 917 693 τέλη
945 609 1147 696 παρέχονται

74 746 78 769 ι
124 708 257 799 λαμπρὰ
290 708 383 800 παρὰ
415 713 484 778 τῶν
517 713 587 779 σῶν
618 710 799 800 προγόνων
831 713 886 780 καὶ
918 710 1042 800 πατρὸς
1069 741 1146 782 κατ-

75 822 82 893 i
124 818 310 905 ειλεγμένα·
348 817 483 904 εἰρήνης
519 816 556 885 δέ
593 820 720 905 μακρᾶς
755 817 811 886 καὶ
848 820 916 885 τῶν
953 820 989 887 ἐκ
1024 820 1147 909 ταύτης

101 919 269 1010 εάγαθῶν
302 919 545 1008 ἀπολαύοντες,
583 923 762 1011 ἐπιδούσης
799 921 914 1005 αὐτοῖς
946 928 1004 1011 τής
1035 926 1188 1013 χῶραςΙ)

125 1027 207 1119 πρὸς
233 1033 384 1099 πλοῦτον
411 1031 467 1097 καὶ
496 1026 690 1117 εὐανδρίαν,
718 1031 773 1099 καὶ
798 1026 958 1118 ἀδελφοῖς
985 1046 1055 1112 τοῖς
1074 1048 1147 1113 σοῖς

127 1136 329 1225 στρατιώτας
360 1138 533 1217 καταλέξαι
565 1134 711 1217 πολλοὺς
737 1140 959 1224 παρέσχοντο,
987 1139 1080 1218 τέλος
1108 1137 1146 1206 δὲ

127 1245 169 1334 τῷ
196 1242 357 1333 τυράννῳ
383 1249 443 1332 βία
470 1244 526 1311 καὶ
554 1240 597 1311 ού
623 1243 739 1331 γνῶμη
767 1245 934 1331 πανδημεὶ
962 1263 1145 1331 συνεστρα-

87 1408 93 1429 ,
127 1348 272 1418 τεύοντο.
323 1346 541 1436 ἠκολούθουν
582 1348 620 1417 δέ
656 1346 747 1439 αύτῷ
789 1348 872 1418 κατά
909 1348 946 1418 τὸ
989 1350 1146 1437 ξυγγενὲς

87 1454 291 1543 Ιαξύμμαχοι
322 1455 576 1543 προθυμότατοι
610 1456 761 1543 Φράγγοι
792 1457 848 1523 καλ
882 1456 1044 1537 Σάξονες,
1076 1460 1147 1526 τῶν

127 1557 206 1651 ὑπὲρ
236 1560 298 1630 τὸν
321 1556 441 1649 Ῥήνου
467 1563 523 1630 καὶ
550 1559 613 1649 τήν
646 1564 804 1648 ἑσπερίαν
831 1562 1002 1631 θάλατταν
1031 1565 1146 1632 ἐθνῶν

74 1664 90 1754 ,’
126 1666 164 1737 τά
189 1667 416 1756 μαχιμῶτατα.
452 1669 506 1737 καὶ
526 1668 620 1748 πόλις
647 1671 737 1736 πάσα
760 1670 816 1736 καὶ
844 1669 1012 1758 φρούριον
1039 1669 1142 1756 πρόσ·
1161 1692 1188 1743 αι

127 1801 219 1843 οικον
259 1770 364 1865 Ῥήνφ
404 1777 473 1842 τῶν
515 1774 739 1844 ἐνοικούντων
780 1774 942 1862 φυλάκων
984 1777 1146 1864 ἐξερημω-

124 1882 231 1950 θέντα
262 1883 449 1970 προθέδοτο
482 1880 544 1967 μὲν
576 1877 751 1968 ἀφύλακτα
778 1881 887 1949 πάντα
919 1896 989 1962 τοῖς
1016 1882 1145 1970 βαρβά-

84 2002 207 2075 Ιιιροις,
238 1984 289 2075 ἐφ’
318 1982 405 2075 ήμῐις
432 1986 470 2056 δὲ
498 1989 691 2073 ἐξεπέμπετο
719 1989 1035 2075 παρεσκευασμένον
1062 1997 1144 2075 λαμ-

123 2096 216 2183 πρῶς
244 2090 283 2162 τό
311 2093 511 2183 στράτευμα·
544 2095 635 2162 πᾶσα
663 2093 700 2162 δὲ
728 2093 822 2183 ἐφ’κει
854 2094 948 2175 πόλις
977 2092 1142 2182 Γαλατική

123 2202 340 2291 στρατοπέδῳ
385 2200 704 2290 παρασκευαζομένῳ
750 2199 834 2287 πρὸς
878 2199 1041 2288 πόλεμον·
1088 2202 1144 2268 καὶ

122 2305 236 2376 πάντα
263 2297 306 2394 ήν
334 2303 447 2376 ὅπλων
474 2308 530 2375 καὶ
557 2308 769 2394 παρασκευῆς
797 2307 926 2375 ἱππέων
952 2308 1009 2373 καὶ
1036 2309 1145 2388 πεζῶν

116 2414 181 2482 ’καὶ
208 2414 355 2493 τοξοτῶν
381 2414 437 2481 καὶ
465 2409 671 2481 ἀκοντιστῶν
699 2411 816 2501 πλήρη.
863 2411 1078 2498 συρρεόντων
1107 2411 1144 2479 δὲ

83 2546 111 2587 κο
124 2522 159 2600 ές
185 2517 249 2606 τήν
274 2515 417 2588 Ἰταλίαν
444 2514 680 2607 ἁπανταχόθεν
707 2521 775 2587 τῶν
803 2520 935 2586 ἐκείνου
964 2516 1186 2604 ξυμμάχωνΒ

123 2627 183 2695 καὶ
214 2639 285 2706 τοῖς
317 2628 465 2695 ἐνταῦθα
497 2624 599 2695 πάλαι
634 2627 897 2712 κατειλεγμένοις
931 2623 1147 2710 στρατιώταις

125 2735 159 2813 ἐς
184 2728 314 2800 ταύτόν
341 2732 529 2817 ἐλθόντων,
557 2729 669 2812 οὐδεὶς
697 2728 804 2812 οὕτως
833 2729 941 2818 ἐφάνη
969 2730 1145 2819 τολμηρός,

127 2834 164 2920 ὃς
191 2835 256 2908 ούκ
283 2843 411 2907 ἔδεισεν
439 2834 519 2908 ούθέ
547 2838 706 2926 ἐξεπλάγη
739 2835 800 2906 τὸν
829 2837 964 2907 ἐπιόντα
991 2839 1146 2925 χειμῶνα.

127 2942 273 3033 σκηπτὸς
301 2943 408 3013 ἐδόκει
426 2947 529 3013 πᾶσιν
548 2940 566 3013 ὁ
596 2945 780 3033 φερόμενος
803 2940 868 3013 ἀπὸ
897 2946 966 3011 τῶν
988 2940 1146 3029 Ἄλπεων,

80 3076 116 3119 αι
129 3049 274 3140 σκηπτὸς
306 3047 477 3141 ἀφόρητος
509 3057 595 3142 ἐργφ
623 3053 678 3120 καὶ
706 3049 849 3139 ἀρρητος
881 3048 978 3140 λόγφ.
1025 3053 1147 3119 τοῦτον

130 3163 265 3227 ἔδεισαν
290 3154 445 3248 Ἰλλυριοὶ
472 3159 528 3226 καὶ
555 3164 702 3238 Παίονες
734 3158 790 3225 καὶ
819 3160 946 3248 Θρᾷκες
972 3157 1028 3225 καὶ
1056 3153 1147 3224 Σκύ-

198 3346 211 3393 1
232 3333 354 3401 ἄκοντες
371 3338 450 3407 Rsh]
468 3333 590 3399 ἁλόντες
616 3339 620 3405 Ι
646 3332 816 3407 ὑπήκουσαν
834 3339 872 3408 Μ]
891 3333 1092 3415 ὑπείκουσιν]
1120 3352 1150 3387 τε

131 3408 235 3474 adjecit
256 3412 346 3474 wytt.
428 3413 446 3458 4
473 3404 507 3460 δὲ
530 3407 602 3476 VM]
627 3405 678 3460 καλ
761 3412 777 3459 9
805 3405 856 3459 καλ
878 3403 997 3469 αάξονες
1025 3419 1152 3469 φραγγοι

74 3524 77 3533 .
128 3478 190 3528 add.
202 3479 227 3528 V
245 3482 309 3543 post
323 3467 401 3547 αύτῷ
444 3480 475 3528 10
489 3472 632 3543 ξύμμαχοι
645 3475 678 3543 V]
692 3469 837 3542 σύμμαχοι
853 3478 858 3540 Ι
873 3472 1001 3541 Φράγγοι
1020 3469 1069 3522 καὶ
1089 3467 1150 3522 Σύ-

129 3542 211 3609 ξονες
234 3563 286 3597 om.
310 3544 335 3595 V
406 3547 437 3594 ll
460 3536 546 3610 όπέρ]
572 3548 627 3594 Aut
649 3540 714 3608 περὶ
738 3544 912 3594 scribendum
937 3545 985 3592 aut
1008 3539 1060 3590 hoc
1084 3544 1150 3590 ante

74 3622 79 3657 ί
129 3604 181 3680 τήν
198 3605 339 3679 ἑσπερίων
358 3612 514 3664 addendum
584 3616 615 3662 13
642 3605 832 3663 ἐνοικούντων
850 3607 886 3674 Η]
906 3600 1090 3686 οἰκούντωνΙ
1119 3610 1152 3658 14

78 3730 81 3737 ,
128 3679 302 3744 προυδίθοτο
321 3681 349 3731 H
402 3682 436 3731 16
453 3671 656 3745 γαλακτικήλλ
712 3682 745 3730 20
763 3671 792 3737 ἐς
810 3674 877 3741 VM]
898 3672 940 3736 εἰς
964 3676 968 3738 Ι
993 3674 1151 3742 ξυμμαχων

130 3747 198 3818 VM]
219 3741 380 3815 συμμάχων
