2416 4290
97 396 141 462 54
400 395 543 446 IULIANI
561 393 814 446 IMPERATORIS

98 524 278 614 γενόμενος
309 525 414 592 ταῦτα
445 522 506 611 μέν
539 513 588 590 ὦν
620 517 794 612 ἀφῄρηντο
826 521 928 591 πόλιν
960 521 1116 612 ἐχαρίσω,

98 629 214 724 ἀρκεῖν
241 631 394 719 οἰόμενος
420 628 458 699 τὸ
487 631 591 717 μῆκος
608 631 671 697 τοῦ
698 629 823 718 χρόνου
841 627 923 719 πρὸς
950 636 1116 719 τιμωρίαν

97 753 168 820 τοῖς
199 741 384 807 παθοῦσιν·
421 734 485 806 ὅσα
518 735 555 804 δὲ
592 731 694 816 αὑτὸς
731 745 869 806 οίκοθεν
901 735 1117 826 χαριζόμενος

97 846 366 934 πλουσιωτέρους
392 841 568 930 ἀπέφηνας
595 840 740 924 πολλοὺς
767 846 835 911 νῦν
862 842 965 911 πάλαι
993 842 1114 924 δοξάν-

97 977 166 1021 των
193 951 246 1021 ἐπλ
273 954 314 1041 τῇ
339 953 408 1020 τῶν
435 948 613 1039 χρημάτων
640 946 780 1040 εὐπορίᾳ
809 948 1055 1038 σεμνύνεσθαι,
1082 954 1143 1019 τίο

58 1056 160 1149 οχρὴ
187 1061 253 1128 νῦν
280 1053 576 1147 ὑπομιμνήσκοντα
607 1056 683 1145 περλ
715 1053 816 1146 μικρδι
845 1061 1030 1145 διατρίβειν
1057 1062 1116 1126 δο-

97 1181 184 1248 κεῑν;
222 1163 328 1246 ἀλλως
360 1190 395 1234 τε
431 1164 488 1233 καὶ
523 1165 626 1232 πάσιυ
663 1160 761 1245 ὄντος
797 1165 1031 1251 καταφανοῦς,
1064 1160 1115 1233 ότι

97 1274 213 1362 μηδεὶς
243 1271 376 1341 πώποτε
407 1268 495 1357 πλὴν
520 1266 739 1359 Ἀλεξάνδρου
771 1273 832 1340 τοῦ
862 1276 1032 1339 Φιλίππου
1059 1296 1114 1341 το-

28 1422 32 1429 ·
97 1381 205 1447 σαῦτα
237 1375 394 1466 βασιλεὺς
425 1391 496 1458 τοῖς
524 1371 630 1445 αὑτοῦ
663 1383 776 1464 φίλοις
803 1376 971 1465 διανέμων
1000 1373 1114 1466 ὤφθη.

97 1481 181 1554 ἀλλὰ
207 1498 278 1566 τοῖς
305 1483 366 1571 μέν
394 1479 412 1553 ὁ
439 1486 509 1553 τῦν
535 1490 645 1573 φίλων
667 1487 810 1565 πλοῦτος
836 1486 895 1574 της
920 1485 990 1552 τόν
1016 1492 1113 1553 πολε·
1128 1506 1153 1547 ιο

97 1597 186 1680 μίων
212 1589 325 1681 ῥώμης
351 1588 499 1671 ῦποπτος
518 1589 626 1680 έφάυη
645 1593 772 1679 μῦλλον
794 1592 851 1660 καλ
870 1588 1114 1680 φοβερώτερος,

97 1696 192 1768 ἀλλοι
220 1697 257 1766 δέ
288 1697 350 1786 τὴν
381 1700 450 1765 τῶν
483 1694 678 1786 ἀρχομένων
709 1694 882 1784 εὐγένειαν
914 1692 1116 1785 ὑπιδόμενον

96 1803 205 1874 πάντα
232 1805 358 1895 τρόπον
385 1802 465 1884 τοὺς
494 1795 532 1872 εὑ
560 1803 739 1891 γεγονότας
765 1809 1065 1894 προπηλακίζοντες
1091 1799 1114 1893 ἢ

52 1913 153 1983 Βκαλ
185 1908 403 2001 ἀναιροῦντες
441 1908 549 1999 ἀρδην
581 1909 640 1992 τάς
677 1917 783 1992 οίκίας
819 1912 916 1999 κοινῇ
948 1909 1010 1998 μὲν
1041 1925 1116 1992 ταῖς

96 2016 213 2087 πόλεσι
249 2020 452 2106 συμφορῶν,
490 2022 560 2108 ίδίηι
593 2017 631 2085 δέ
668 2013 781 2099 αὑτοῖς
818 2014 967 2086 ἀνοσίων
1004 2022 1153 2107 έργωνιτ

97 2122 286 2195 αίτιότατοι
313 2124 528 2213 κατέστησαν.
564 2119 629 2192 οῦκ
656 2121 839 2212 ἀπέσχοντο
868 2123 905 2192 δέ
933 2120 997 2212 ἤδη
1025 2123 1116 2206 τινὲς

96 2243 167 2312 τοῖς
193 2234 254 2300 τοῦ
287 2228 437 2319 σώματος
465 2226 623 2318 ἀγαθοῖς,
655 2226 767 2322 ὑγιεία
800 2231 885 2319 φημλ
913 2230 969 2299 καὶ
1001 2229 1116 2300 κάλλει

96 2339 152 2407 καλ
185 2333 305 2429 εὐεξίᾳ,
337 2342 590 2426 βασκαίνοντες·
622 2340 731 2427 ψυχῆς
762 2363 797 2406 τε
830 2334 954 2427 ἀρετὴν
981 2342 1019 2406 ἐν
1046 2363 1114 2406 τινι

51 2434 54 2443 ’
95 2446 165 2513 τῶν
191 2447 337 2514 πολιτῶν
364 2443 549 2532 γενομένην
573 2441 653 2515 οῦδὲ
672 2441 808 2513 ἀκούειν
836 2439 1014 2531 ὑπέμενον,
1043 2439 1112 2513 ἀλλ’

96 2541 140 2639 ἦν
167 2546 314 2642 ἀδίκημα
340 2553 456 2638 τοῦτο,
487 2549 640 2640 καθάπερ
673 2547 885 2640 ἀνδροφουία
917 2550 973 2619 καλ
1005 2546 1112 2637 κλοπὴ
1126 2570 1153 2613 ιο

96 2658 152 2726 καλ
179 2663 357 2747 προδοσία,
384 2657 423 2726 τὸ
452 2653 565 2727 δοκεῖν
594 2655 711 2747 ἀρετῆς
738 2660 1014 2745 μεταποιηθῆναι.
1056 2657 1114 2725 καλ

28 2782 80 2835 ,44
95 2767 201 2833 ταῦτα
228 2762 333 2852 τυχὸν
366 2760 501 2852 ἀληθοῦς
529 2761 571 2831 οῦ
599 2765 765 2851 βασιλέων
792 2763 893 2853 φήσει
919 2790 980 2850 τις,
1007 2788 1113 2852 πονη-

96 2873 168 2960 ρῦν
195 2869 233 2940 δέ
251 2870 307 2939 καί
326 2865 558 2959 ἀνελευθέρων
580 2869 759 2960 τυράνυων
786 2877 868 2960 ἐργα
886 2871 941 2939 καὶ
970 2870 1114 2959 πράξεις.

96 2979 205 3047 ἐκείνο
239 2976 276 3045 δέ
307 2973 372 3067 ἤδη
404 2975 442 3045 τὸ
479 2975 589 3059 πάθος
621 2974 663 3046 οῦ
698 2981 768 3046 τῦν
804 2974 957 3065 ἀνοήτων
993 2975 1113 3065 μόνον,

95 3078 181 3152 ἀλλά
206 3110 310 3152 τινων
343 3085 497 3152 ἐπιεικῦν
529 3084 585 3153 καλ
612 3085 729 3176 πρρλων
762 3081 898 3174 ἀνδρῶν
925 3078 1113 3171 ἀγάμενον,
1126 3107 1152 3150 ω

95 3188 134 3259 τδ
152 3203 224 3272 τοϊς
242 3195 353 3277 φίλοις
380 3187 547 3278 ἀχθεσθαι
575 3192 675 3260 πλέον
693 3193 749 3260 καλ
767 3190 925 3271 πολλάκις
953 3190 1114 3259 ἐλαττοῦν

95 3297 227 3367 ἐθέλειν
258 3297 315 3367 καλ
345 3298 415 3366 τῦν
446 3298 686 3388 προσηκόντων
722 3294 846 3378 αὑτοὺς
882 3293 1115 3386 ἀφαιρεῖσθαι,

164 3440 423 3533 3αότόςΒολτ.]
414 3440 522 3510 αὑτοῖς.
548 3451 584 3504 ολ.
602 3452 666 3501 44Β
735 3443 900 3510 έπολλοὺς
923 3448 986 3500 εδδ.
1004 3450 1029 3499 V
1100 3451 1115 3502 7

96 3507 189 3577 ἄλλως
207 3534 238 3571 τε
255 3515 294 3585 V]
319 3507 373 3569 ἀλλ
409 3511 485 3584 ὁμῶς
507 3534 537 3570 τε
606 3510 735 3571 δαότοῦ
758 3518 817 3567 VM
888 3519 917 3568 12
940 3508 1051 3581 ὑπιδόμ
1053 3531 1116 3569 ενοι

95 3515 307 3701 Ηχίὺπειδόμ
271 3601 364 3651 μενοι
395 3586 431 3637 cf.
456 3586 492 3637 ad
515 3589 599 3638 1161)
670 3588 702 3638 15
724 3575 826 3645 αῦτοις
843 3586 901 3635 VM
971 3587 1002 3636 1⁷
1027 3532 1115 3704 ὑγεία

224 3656 256 3705 18
274 3647 362 3718 ευδο
364 3651 439 3706 t'oeV
462 3651 467 3722 Ι
492 3669 524 3706 τε
542 3670 594 3704 om
613 3657 637 3705 V
705 3657 738 3704 22
761 3648 862 3720 βασιλέ
863 3671 903 3705 ων
920 3651 954 3721 V]
972 3646 1075 3719 βασιλ
1076 3667 1114 3710 ως

96 3721 130 3771 23
149 3715 217 3786 ἔργα
234 3713 384 3788 τυράννων
403 3721 428 3772 V
489 3723 522 3773 26
540 3723 579 3772 πλ
581 3716 641 3788 έον]
662 3722 730 3772 Post
747 3721 800 3773 hoe
818 3721 932 3772 Reiskio
951 3716 1048 3788 έχουσι
1067 3718 1112 3770 vel

95 3783 269 3853 τιμωμένοις
286 3789 332 3840 vel
350 3788 441 3842 simile
460 3789 526 3856 quid
543 3788 653 3841 videtur
671 3789 769 3841 δοοεοο
