2416 4290
110 392 152 456 50
410 392 556 445 ιοτιιαι
574 391 824 445 ωιΡΕειεεοειιο

109 520 236 602 πάντας
268 512 306 589 εὖ
337 534 446 590 ποιεῖν
478 521 533 589 καὶ
565 531 740 608 μιμεῖσθαι
771 518 833 607 τὴν
863 525 964 590 θείαν
997 522 1034 589 έν
1066 518 1127 591 άν-

109 627 262 717 θρώποις
289 626 407 716 φύσιν·
439 626 552 718 πράως
583 626 644 715 μὲν
672 633 758 715 ἔχειν
789 624 873 716 πρὸς
904 624 1026 718 ὀργήν,
1057 630 1128 699 τῶν

70 736 280 823 Βτιμωριάν
308 733 345 802 δὲ
373 730 592 824 ἀφαιρεῖσθαι
618 731 676 815 τάς
702 732 940 821 χαλεπότητας,
966 739 1128 805 πταίσασι

112 840 149 910 δὲ
168 838 260 929 οἶμαι
286 855 357 922 τοῖς
375 842 509 931 ἐχθροῖς
532 842 682 922 ἐπιεικῶς
708 840 764 909 καλ
783 836 1005 928 εὐγνωμόνως
1022 860 1128 931 προσ-

111 949 284 1036 φέρεσθαι.
329 948 435 1015 ταῦτα
461 945 631 1037 πράττων,
658 949 762 1016 ταῦτα
788 945 988 1035 θαυμάζων,
1020 949 1160 1017 ταῦτατ

110 1068 180 1135 τοῖς
212 1050 325 1135 άλλοις
355 1052 570 1144 προστάττων
602 1063 776 1141 μιμεῖσθαι
806 1049 870 1141 τὴν
897 1048 1026 1142 Ῥώμην
1054 1055 1128 1143 μέν,

111 1165 158 1228 ἔτι
189 1163 252 1230 τοῦ
283 1160 454 1250 τυράννου
486 1162 689 1251 κρατοῦντος
715 1162 774 1248 της
797 1156 951 1247 Ἰταλίας,
984 1157 1043 1229 διά
1070 1162 1129 1249 τῆς

110 1271 288 1356 γερουσίας
324 1272 371 1348 είς
402 1271 571 1342 Παιονίαν
606 1267 820 1354 μετέστησας,
855 1265 1058 1357 προθύμους
1089 1264 1129 1337 δὲ

111 1371 194 1460 εἶχες
226 1370 285 1454 τάς
315 1371 428 1454 πόλεις
459 1362 543 1461 πρὸς
573 1370 632 1452 τάς
663 1379 880 1463 λειτουργίας.
924 1375 994 1441 τῶν
1026 1392 1129 1462 στρα-

110 1478 283 1567 τευμάτων
312 1478 349 1548 δὲ
375 1477 438 1570 τὴν
470 1477 607 1548 εὔνοιαν
633 1485 683 1560 τίς
714 1475 758 1548 άν
785 1475 885 1560 άξίως
914 1478 1129 1568 διηγησαιτος
1142 1500 1173 1543 ιο

110 1585 200 1667 τάξις
226 1584 288 1673 μὲν
317 1586 442 1654 ίππέων
469 1583 611 1674 πρὸτῆς
638 1587 676 1654 έν
702 1588 742 1674 τῇ
760 1585 886 1675 Μόρση
913 1584 1129 1676 παρατάξεως

72 1691 335 1780 δμεθειστηκει,
368 1693 437 1761 ἐπεὶ
467 1691 503 1760 δὲ
535 1694 592 1779 της
622 1686 760 1773 Ἰταλίας
791 1690 988 1780 ἐκράτησας,
1019 1694 1129 1776 πεξοῖν

110 1798 290 1885 κατάλογοι
320 1798 378 1868 καὶ
410 1800 486 1886 τέλη
518 1797 659 1888 λαμπρά.
705 1794 790 1867 άλλά
820 1795 858 1867 τὸ
891 1797 1013 1887 μικρὸν
1046 1796 1129 1887 μετά

110 1902 173 1990 τὴν
199 1907 261 1974 τοῦ
288 1903 459 1995 τυράννου
483 1907 630 1992 δυστυχῆ
656 1902 814 1992 τελευτὴν
842 1906 878 1973 έν
899 1909 1047 1996 Γαλατίᾳ
1074 1931 1126 1992 γε-

111 2008 257 2098 νόμενον
293 2009 414 2098 κοινην
451 2005 609 2080 ἁπάντων
650 2012 753 2092 ἔδειξε
795 2012 1029 2101 στρατοπέδων
1065 2009 1168 2098 τηνιε

111 2113 260 2203 εὔνοιαν,
288 2115 348 2186 τὸν
374 2116 635 2208 θρασυνόμενον
652 2115 805 2207 καθάπερ
834 2113 884 2185 ἐπ’
916 2119 1054 2205 ἐρημίας
1071 2118 1129 2186 καὶ

111 2219 173 2311 τὴν
200 2229 396 2309 γυναικείαν
423 2219 609 2313 άλουργίδα
626 2222 890 2311 περιβαλόμενον
915 2219 1025 2314 ὥσπερ
1052 2221 1129 2293 τινά

111 2328 215 2398 λύκον
243 2331 401 2418 ἐξαίφνης
428 2331 718 2417 διασπασαμένων.
760 2326 851 2411 ὅστις
877 2328 915 2398 δέ
943 2330 997 2398 έπλ
1024 2329 1129 2419 ταότη

111 2436 253 2523 γέγονας
270 2439 310 2526 τῇ
338 2435 464 2526 πράξει,
490 2435 547 2505 καί
566 2433 656 2517 ὅπως
673 2434 787 2526 πράως
806 2432 909 2504 άπασι
931 2435 987 2504 καὶ
1006 2444 1128 2524 φιλαν-

66 2542 256 2631 Βθρωπως
291 2559 362 2626 τοῖς
398 2545 529 2612 ἐκείνου
562 2547 742 2632 γνωρίμοις
773 2543 1021 2631 προσηνέχθης,
1055 2539 1170 2613 ὅσοι»

111 2649 217 2735 μηδὲν
244 2646 422 2737 ἠλέγχοντο
450 2651 565 2739 ἐκείνω
594 2648 858 2736 συμπράξαντες,
889 2651 1023 2717 πολλῶν
1053 2654 1129 2737 ἐφε-

112 2755 282 2842 στηκότων
308 2758 349 2844 τῇ
376 2759 558 2845 κατηγορίᾳ
592 2757 831 2842 συκοφαντῶν,
863 2755 919 2824 καλ
950 2752 1012 2841 τὴν
1044 2752 1130 2845 πρὸς

112 2861 242 2931 ἐκεῖνον
279 2867 396 2951 φιλίαν
428 2856 631 2931 ὑποπτεύειν
662 2859 769 2948 μόνον
805 2859 1029 2948 κελευόντων,
1061 2858 1128 2947 ἕγιδ

111 2965 172 3054 μὲν
201 2962 330 3054 άπάσης
363 2964 480 3058 άρετης
511 2973 647 3055 τίθεμαι
673 2965 710 3036 τὸ
739 2966 932 3056 κεφάλαιον.
978 2968 1035 3035 καὶ
1063 2964 1129 3057 γάρ

112 3075 264 3155 ἐπιεικῶς
290 3074 346 3143 καί
374 3078 510 3157 δικαίως
529 3075 615 3163 φημὶ
641 3073 697 3143 καὶ
716 3071 803 3142 πολὺ
820 3074 923 3143 πλέον
944 3071 1130 3164 ,ἐμφρόνως
1144 3090 1173 3133 ²⁶

110 3178 310 3269 πεπράχθαι.
361 3176 452 3262 ὅστις
488 3180 525 3249 δέ
562 3177 669 3260 άλλως
704 3174 832 3268 ἡγεῖται
866 3179 923 3249 καί
958 3181 1017 3268 της
1052 3180 1130 3270 περὶ

25 3322 141 3379 Μ

181 3419 197 3468 3
215 3412 412 3485 χαλεπότητας
429 3415 466 3483 V]
487 3407 690 3483 χαλεπωτάτοις
760 3417 792 3467 10
815 3408 987 3481 διηγήσαιτο
1005 3416 1133 3467 seriben-

111 3486 175 3537 dum
194 3489 243 3535 aut
260 3473 297 3536 άν
315 3485 463 3537 delendum
483 3500 544 3537 εειε
561 3485 668 3536 monuit
681 3483 799 3543 Schaef„
818 3481 887 3550 διηγ
901 3478 994 3550 ’σηται
1011 3482 1045 3545 V,
1066 3481 1131 3549 διη-

110 3544 230 3619 γήσεται
247 3568 266 3604 v
319 3557 350 3604 11
368 3551 404 3619 τῆ
421 3547 461 3620 μό
479 3566 514 3618 τη
532 3549 568 3619 V]
588 3544 694 3632 Μόρτη
746 3554 778 3602 12
796 3543 860 3602 ἐπεὶ
879 3500 912 3603 άδ
931 3547 1004 3619 Ρει,]
1024 3542 1111 3605 ἕπειδ

111 3623 144 3672 17
172 3614 401 3688 περιβαλόμενον
427 3570 477 3687 Ηξ
497 3617 743 3685 τεριβαλλομενον
768 3619 806 3677 V,
834 3615 1059 3697 περιτιθέμιενον
1081 3636 1100 3669 v

110 3686 202 3806 ‘W
220 3680 336 3808 λάκηχνλ
422 3690 455 3740 2³
479 3678 592 3739 ἐκεῖνον
608 3683 683 3753 VM]
708 3682 826 3739 ἐκείνων
912 3688 946 3737 24
963 3684 1006 3753 το]
1026 3683 1111 3739 τοῦτο

112 3771 148 3810 ο.
167 3772 184 3807 τ
219 3759 267 3809 251
958 3792 962 3799 .

73 3872 118 3928 h.
