2416 4290
111 460 154 526 52
414 460 557 511 IULIANI
579 459 827 511 IMPERATORIS

113 588 204 669 ὅστις
241 586 303 658 οὐκ
340 596 459 673 οίεται,
496 587 601 675 μηδὲν
639 589 776 656 ἐκείνων
812 594 1042 681 μεγαλοψυχίᾳ
1073 590 1131 659 κοιλ

112 700 152 785 τῇ
183 694 268 784 πρὸς
298 693 340 763 τά
372 692 456 763 καλά
489 699 661 784 φιλοτιμίᾳ
693 692 905 781 λειπόμενον,
938 692 1046 778 οὕτως
1078 688 1131 783 ἐγ-

69 805 242 891 Βκρατῶς
268 803 323 870 καὶ
357 801 542 890 σωφρόνως
572 803 618 892 τῷ
651 800 750 888 πατρὶ
781 800 837 867 καί
868 814 939 883 τοῖς
971 798 1133 890 ἀδελφοῖς
1171 818 1176 825 ’

113 909 389 997 προσενηνέχθαι.
444 905 680 996 παρασχούσης
725 904 790 995 γάρ
829 910 888 994 τῆς
928 907 1030 996 τύχης
1071 906 1132 981 τόν

113 1013 248 1105 καιρὸν,
282 1017 318 1083 ἐν
352 1005 379 1106 ᾦ
410 1016 468 1100 τῆς
500 1008 659 1082 ἁπάντων
690 1007 869 1100 ἡγεμονίας
901 1015 1002 1103 ἐχρῆν
1034 1038 1158 1103 μετα-ι

113 1124 311 1209 ποιηθῆναι,
338 1122 469 1210 πρῶτος
488 1115 658 1208 ῶρμήθης,
686 1121 820 1187 πολλῶν
847 1115 1134 1211 ἀπαγορευόντων

113 1228 170 1297 καί
197 1226 280 1315 πρὸς
306 1224 467 1295 τάναντία
496 1228 692 1313 ξυμπείθειν
724 1226 996 1316 ἐπιχειρούντων·
1025 1230 1133 1319 ῥᾷστα

114 1333 152 1402 δὲ
180 1335 235 1402 καὶ
263 1331 346 1422 πρὸς
379 1330 566 1420 ἀσφάλειαν
598 1330 659 1400 τὸν
688 1334 725 1400 ἐν
752 1333 845 1420 χερσί
871 1331 1019 1421 πόλεμον
1048 1338 1133 1403 διοι-

114 1439 301 1527 κησάμενος
327 1442 532 1528 ἐλευθεροῦν
559 1443 663 1525 ἔγνως
680 1440 738 1524 τῆς
765 1434 868 1527 ἀρχῆς
890 1437 932 1507 τά
959 1449 1133 1529 κατειλημ-

61 1568 96 1617 42
114 1548 209 1635 μένα,
238 1545 452 1632 δικαιοτάτην
470 1544 532 1633 μέν
559 1544 615 1613 καί
634 1548 711 1613 οἵαν
739 1540 833 1613 ούπω
851 1544 1005 1634 πρόσθεν
1034 1552 1169 1635 ἐλαβεν

113 1654 285 1742 πρόφασιν
312 1652 454 1740 πόλεμος
481 1654 539 1738 τῆς
561 1648 645 1740 πρὸς
673 1654 822 1732 ἐκείνους
850 1657 972 1741 ἔχθρας
999 1654 1131 1741 τιθέμε-

114 1787 182 1840 νος.
228 1755 309 1827 ούδέ
344 1757 408 1848 γάρ
445 1757 610 1845 ἐμφύλιον
646 1754 740 1839 ἀξιον
776 1757 1041 1847 προσαγορεύειν
1071 1756 1133 1829 τὸν

114 1866 270 1953 πόλεμον,
290 1857 332 1934 οὗ
350 1865 521 1955 βάρβαρος
542 1855 586 1951 ἦν
603 1859 738 1951 ἡγεμῶν
757 1863 879 1933 ἑαυτὸν
898 1860 1133 1955 ἀναγορεύσας

116 1973 254 2060 βασιλέα
286 1973 342 2039 καὶ
370 1971 604 2060 χειροτονήσας
636 1969 832 2058 στρατηγόν.
873 1974 942 2040 τῶν
969 1968 1132 2061 ἀδικημά·

115 2105 183 2147 των
211 2077 249 2146 δὲ
275 2080 344 2145 τῶν
371 2080 501 2145 ἐκείνου
529 2078 584 2145 καλ
612 2068 661 2145 ῶν
689 2082 829 2165 ἔδρασεν
857 2083 904 2157 είς
931 2082 1045 2147 οἰκίαν
1071 2074 1132 2166 τὴν
1174 2072 1176 2100 ²

116 2182 181 2272 σὴν
209 2180 272 2271 ούχ
299 2179 366 2271 ἡδύ
389 2210 445 2272 μοι
472 2182 630 2263 πολλάκις
652 2185 852 2271 μεμνῆσθαι.
894 2180 1131 2273 ἀνδρειοτέρου

117 2290 154 2359 δὲ
186 2293 288 2377 τῆσδε
318 2292 376 2377 τῆς
407 2289 557 2378 πράξεως
587 2296 637 2370 τίς
669 2285 711 2356 ἀν
744 2295 850 2357 εἰπεῖν
882 2294 967 2376 ἔχοις
1004 2286 1060 2377 ἐφ’
1093 2280 1131 2379 ἧς

76 2400 220 2485 Βδῆλος
246 2396 308 2486 μὲν
335 2388 378 2485 ἦν
406 2393 608 2484 ἀποτυχόντι
625 2399 693 2464 τῶν
721 2401 829 2485 ἔργων
852 2400 1026 2478 κίνδυνος·
1054 2391 1135 2485 ύπέ-Ι

116 2532 211 2592 μενες
239 2503 276 2572 δὲ
304 2501 407 2572 οὐδὲν
425 2505 566 2591 κέρδους
585 2501 683 2591 χάριν
710 2498 791 2571 οὐδὲ
819 2502 913 2583 κλέος
931 2498 1131 2591 ἀείμνηστον

117 2607 381 2698 ἀντωνούμενος,
409 2605 493 2698 ὑπὲρ
517 2600 560 2677 ού
582 2610 637 2677 καί
657 2606 884 2695 ἀποθνήσκειν
913 2606 1036 2698 ἀνδρες
1053 2604 1130 2696 ἀγει-

117 2717 176 2783 θολ
216 2715 374 2796 πολλάκις
413 2717 595 2803 τολμῶσιν,
633 2708 708 2783 οἷον
748 2713 832 2805 πρὸς
868 2711 1032 2805 ἀργύριον
1072 2712 1131 2803 τὴν

120 2820 222 2903 δόξαν
257 2820 316 2902 τάς
346 2819 456 2909 ψυχάς
489 2818 743 2909 ἀποδιδόμενοι,
776 2818 856 2890 οὐδὲ
889 2819 956 2909 μὴν
989 2818 1035 2890 δι’
1066 2823 1132 2891 ἐπι-

117 2933 248 3015 θυμίαν
280 2925 382 3017 ἀρχῆς
413 2934 563 3015 μείζονος
598 2929 654 2996 καὶ
686 2927 929 3017 λαμπροτέρας,
967 2924 1020 2997 ότι
1051 2924 1133 3017 μηδδ

118 3035 183 3126 νέῳ
216 3054 270 3102 σοι
301 3033 432 3103 τούτων
464 3037 668 3122 ἐπιθυμῆσαι
700 3036 841 3121 συνέβη,
873 3030 945 3103 ἀλλ’
980 3031 1066 3105 αὐτὸ
1096 3030 1133 3105 τό

118 3139 223 3210 καλὸν
256 3142 403 3231 στέργων
435 3143 494 3228 της
528 3141 677 3230 πράξεως
707 3140 816 3209 πάντα
851 3136 1033 3228 ύπομένειν
1065 3138 1134 3233 ῶου

120 3252 193 3316 δεῖν
221 3248 300 3336 πρὶν
325 3252 410 3316 ίδείν
434 3243 605 3335 Ῥωμαίων
632 3247 806 3337 βάρβαρον
829 3246 1052 3335 βασιλεύοντα
1079 3248 1135 3317 κτλ
1159 3275 1165 3321 ·,

78 3353 233 3443 δνόμων
259 3354 379 3445 κύριον
397 3354 453 3423 καί
480 3360 647 3435 πολιτείας
665 3356 860 3422 καθεστῶτα
887 3351 1025 3437 καὶτὰς
1051 3348 1136 3445 ὑπὲρ

120 3465 188 3530 τῶν
216 3463 341 3531 κοινῶν
369 3456 469 3549 εύχάς
495 3460 700 3549 ποιούμενον
726 3458 787 3530 τὸν
814 3460 988 3542 τοσούτοις
1016 3457 1135 3551 ἀσεβῆ·
1170 3477 1176 3593 χ

122 3702 154 3751 18
176 3630 407 3751 Διτῶύῶῖἀενάοάῶ
430 3624 973 3760 κίνδέἀιῶάςαῶάέῶάοῶῶιενεεεεΙΞίύῶυτης
990 3618 1136 3751 νέθιάπῶ-
1174 3668 1176 3673 ¹

104 3758 274 3851 ι,βχιδόμενοι
295 3766 334 3833 V]
362 3757 540 3832 ἀποδόμενοι
566 3766 571 3834 1
598 3758 672 3845 οόδζ
692 3764 733 3833 Η]
761 3759 827 3819 ούτε
895 3769 928 3817 λθ
941 3769 1016 3818 et24
1041 3762 1136 3847 μηδέν

73 3865 127 3928 Ι
159 3831 274 3885 ’πολλ’
325 3837 359 3886 27
376 3833 523 3896 πολιτείας
539 3834 709 3887 καθεστῶτα
728 3831 764 3901 V]
782 3834 932 3887 πολιτείαν
948 3834 1136 3887 mmmm
