2416 4290
559 410 726 456 annuum.

235 558 294 614 Lib.
309 562 335 611 Γ
334 601 340 615 .
360 558 430 616 Sect.
447 564 470 616 1.
490 560 557 615 Post
571 580 654 631 porca
663 577 713 630 pro
725 581 774 613 του
785 559 804 614 l.
818 580 854 613 τω
872 578 898 612 εν
911 578 988 628 rerer,
1001 573 1051 626 pro
1064 560 1109 610 δια

184 669 215 704 το
228 647 245 701 l.
260 646 314 702 κατ’
330 650 386 702 adra
395 671 439 706 τω.

237 733 307 789 Sect.
321 738 345 790 3.
365 737 420 790 Pro
438 741 526 790 πονῶν
547 758 591 789 και
608 736 707 806 {priorem
724 757 814 802 αντεχ.
833 736 851 791 l.
871 756 958 789 πονων
971 756 1021 788 exat
1035 735 1109 798 Hpa·

185 824 271 876 κλιιων
283 843 447 893 ανεχομενος.
476 824 622 878 Herculem
641 825 691 877 sub
700 824 855 891 Eurystheo
869 824 987 892 respicit.
1023 822 1110 876 Porro

185 917 243 963 tota
257 909 318 963 haec
330 911 535 977 perversissima
546 910 679 964 Periodus
698 912 727 963 in
747 909 883 964 elementa
896 917 938 964 est
956 910 1110 978 redigenda,

184 1006 212 1054 et
233 998 271 1051 sic
288 997 377 1050 denuo
403 999 593 1053 construenda.
637 1002 696 1050 Και
719 1000 741 1052 λ.
762 1021 786 1052 τ.
809 1020 910 1068 grupen
937 1019 1004 1069 ηπερ
1025 1021 1061 1060 ere
1080 1020 1111 1051 rc

184 1107 405 1158 υπηρετουν-τω
420 1109 517 1153 arram
536 1086 627 1158 nepai
646 1110 689 1157 εςι,
705 1106 831 1157 παριςησι
848 1086 940 1143 τάυτο
959 1086 1025 1158 ὅπερ
1041 1109 1113 1149 erc-

185 1197 283 1248 περιεςι
295 1175 399 1240 τάυτω,
410 1198 441 1231 το
451 1176 515 1247 ὑπερ
524 1197 560 1229 τω
573 1197 693 1230 uno-to
706 1199 755 1246 μεν
765 1198 816 1247 γαρ
836 1199 859 1230 κ.
878 1198 901 1231 τ.
923 1179 945 1230 λ.
984 1176 1026 1230 Ita
1039 1175 1112 1230 evol·

185 1266 260 1317 vitur
285 1281 300 1317 o
325 1264 428 1334 nucleo,
450 1281 465 1318 o
490 1264 596 1334 glande,
618 1265 703 1318 robur
726 1265 900 1318 Herculeum.
938 1263 993 1318 Sed
1013 1264 1073 1318 lime
1097 1281 1113 1317 a

185 1351 278 1405 Marco
287 1350 322 1406 A.
338 1353 445 1405 concise
462 1353 552 1407 forsan
572 1360 601 1407 et
618 1352 740 1422 obscure,
754 1359 786 1406 ut
803 1351 835 1406 fit
854 1353 925 1407 inter
945 1353 1009 1407 belli
1027 1367 1110 1419 casas,

186 1438 391 1493 admemoriam
405 1445 506 1494 notata.
545 1439 640 1495 Scriba
658 1457 732 1512 voro,
746 1441 791 1495 oui
809 1442 910 1510 integri
929 1441 1051 1509 corporis
1068 1456 1113 1493 ex·

186 1529 273 1583 tensio
290 1529 419 1598 paradoxi
433 1530 518 1585 instar
531 1537 597 1599 erat,
611 1531 712 1585 excidit
724 1531 855 1602 membra,
869 1514 900 1584 alt
916 1529 1005 1584 solent
1016 1529 1111 1594 sicarii,

186 1633 239 1685 quo
251 1617 393 1672 commodo
405 1635 454 1672 suo
467 1617 627 1687 consuleret,
642 1624 670 1672 et
682 1622 780 1673 trunca
792 1635 854 1672 cum
872 1617 1005 1670 cadavere
1016 1615 1045 1666 in
1058 1630 1115 1666 sac-

186 1721 247 1758 cum
260 1706 431 1773 constipavit.

239 1791 309 1845 Sect.
322 1794 348 1845 4.
367 1791 423 1844 Pro
436 1797 614 1859 περιιςασθαι
625 1789 643 1844 l.
653 1785 1116 1860 nepecaodaa=praestarc=guard

188 1878 299 1946 against.
336 1876 421 1943 Pron
440 1879 494 1946 φιλ.
508 1874 527 1927 l.
540 1895 585 1944 μη.
622 1875 678 1927 Pro
700 1895 803 1934 ουτινος
817 1873 835 1926 l.
857 1872 1116 1942 devoror-proinde

189 1965 297 2030 elegans
318 1978 350 2015 ac
369 1961 477 2014 erudita
497 1977 548 2028 pro
568 1959 708 2013 incondita
731 1959 764 2012 fit
788 1959 979 2028 phrasis-pro
1003 1979 1074 2029 μονα
1096 1957 1114 2015 l.

191 2051 353 2117 [nava-pro
365 2068 445 2101 εννοει
465 2048 483 2102 l.
498 2067 602 2117 ενεργει,
617 2063 677 2115 qum
697 2046 751 2100 dno
770 2051 877 2100 mutata
897 2046 1046 2099 restituunt
1057 2061 1116 2098 sen-

190 2134 313 2198 tentiam,
326 2151 428 2188 cassam
441 2140 530 2188 antea.

242 2216 313 2272 Seot.
326 2219 352 2271 5.
376 2216 431 2270 Pro
451 2238 496 2271 επι
514 2218 541 2269 de
560 2239 603 2272 σοι
626 2216 644 2271 l.
671 2237 716 2270 επι
741 2217 768 2270 δε
789 2238 845 2272 σου.
882 2217 967 2271 Error
984 2215 1029 2269 ille
1054 2233 1115 2269 eon-

190 2305 304 2358 trarium
318 2320 391 2372 voro,
406 2303 576 2373 eundemque
589 2304 702 2372 impium
715 2321 825 2358 sensum
838 2304 968 2374 implicat.

240 2391 311 2447 Seni.
327 2395 351 2446 6.
371 2391 426 2445 Pro
448 2413 476 2447 er
500 2413 584 2463 upum
610 2390 705 2444 mellus
730 2413 757 2444 ev
778 2412 831 2444 rna
855 2413 973 2445 ανοικειω
991 2413 1013 2446 a.
1039 2410 1068 2446 π.
1093 2396 1115 2445 3.

188 2501 282 2551 aposta.

240 2570 311 2626 Seci.
325 2569 351 2628 7.
370 2571 425 2626 Pro
437 2572 539 2633 πυωὸες
552 2571 612 2624 aude
631 2591 683 2644 μην
696 2571 714 2626 l.
730 2572 789 2625 ovde
809 2592 862 2642 μην
879 2573 995 2643 πυρωδες
1008 2575 1117 2627 οῦδεν-

188 2657 332 2712 Promtum
351 2665 393 2714 est
413 2662 486 2715 enim
499 2660 597 2729 rogare
614 2661 765 2729 “quorsum
782 2660 841 2715 hacc
857 2667 913 2716 tam
925 2661 1047 2729 putida,”
1061 2668 1116 2714 tam

191 2744 301 2798 flaccidd
313 2747 430 2800 aelatae
442 2749 567 2815 repetita.
606 2746 661 2800 Pro
673 2768 713 2800 ετι
725 2747 743 2801 l.
758 2767 785 2799 εν
797 2755 883 2802 adeor.

244 2833 313 2887 Seci.
328 2836 369 2888 10.
389 2834 531 2896 Procride
546 2837 630 2895 cudere
642 2835 659 2888 l.
676 2837 750 2894 Εξεςι
764 2837 809 2888 δε·
824 2835 914 2895 Ουδεις
926 2859 949 2890 κ.
963 2857 987 2890 r.
1001 2838 1023 2890 l..

244 2921 314 2976 Seet.
329 2925 371 2976 13.
390 2921 458 2976 Post
477 2943 600 2992 ειρημενα
618 2923 635 2975 l.
658 2928 684 2975 ir*
702 2925 766 2976 atto
784 2926 892 2977 λοιπον·
911 2945 942 2977 το
962 2926 1081 2991 λογικον·
1102 2924 1116 2979 ὁ

192 3010 292 3064 adrosa.
307 3030 331 3064 τ.
345 3011 367 3064 λ.

243 3098 302 3150 Lib.
315 3096 346 3152 A.
366 3097 428 3153 Sect
441 3101 466 3154 3.
485 3098 541 3153 Pro
553 3118 634 3168 κριμα
647 3099 739 3154 malim
759 3120 873 3171 κυρωμα.
909 3101 966 3156 Pro
979 3121 1116 3155 επαινεσο-

112 3232 114 3236 Α
191 3203 264 3254 μενοι
276 3185 294 3240 l.
308 3204 448 3240 enatantes
461 3207 589 3255 εσομενοι.

243 3273 313 3328 Soet.
327 3277 353 3327 4.
372 3272 427 3327 Pro
439 3280 531 3327 ποθεν
543 3275 572 3328 in
584 3273 639 3330 fine
651 3275 669 3330 l.
686 3277 798 3330 Θεοθεν.

244 3361 313 3415 Sect.
328 3364 369 3414 11.
389 3359 502 3432 Ημεραν
514 3363 616 3417 claudit
628 3362 871 3433 Periodum,cujus
887 3367 1019 3432 punctum
1033 3363 1115 3415 deest.

191 3448 245 3504 Pro
258 3455 303 3512 ἕως
314 3449 356 3518 ζης
373 3450 390 3504 l.
414 3447 455 3503 εντ’
474 3471 603 3521 upapam
620 3452 670 3521 ζης.
708 3453 752 3506 lta
769 3457 974 3506 consummatur
993 3467 1024 3503 nc
1042 3467 1116 3504 eoro-

192 3540 272 3588 natur
289 3538 430 3607 sententia,
449 3556 510 3608 quus
527 3539 555 3592 in
577 3539 650 3609 vulg.
673 3540 794 3607 stultum,
810 3552 866 3590 non
886 3537 1016 3602 Stoicum,
1038 3535 1116 3603 sapit.

191 3624 264 3678 Dum
276 3627 353 3698 vivis,
368 3632 426 3682 esto
438 3628 534 3683 bonus.
572 3629 649 3682 Mora
662 3629 782 3681 anilitas!
797 3627 888 3687 Λυτος
901 3627 937 3678 δε.
974 3624 1032 3693 illa,
1047 3625 1117 3677 utin

192 3715 272 3784 vulg,
286 3717 420 3786 scripsisse
438 3716 562 3772 Marcum
579 3717 615 3773 A.
638 3733 719 3770 nemo
736 3715 847 3785 peritus.
885 3714 1003 3781 Ideoque
1021 3731 1070 3783 pro
1087 3731 1117 3767 ro

192 3804 303 3858 matari.
341 3806 413 3871 Quin
426 3805 581 3926 et6ulterius
593 3805 724 3859 mutanda
743 3802 832 3858 credo.
871 3801 980 3856 Etenim
998 3802 1034 3858 ad
1046 3803 1118 3858 Aeta
