2416 4290
72 512 92 577 8
372 510 517 564 IULIANI
537 510 787 565 IMPERATORIS

72 642 143 709 σῶν
170 643 239 708 ἐστι
265 638 327 728 μὲν
353 638 483 708 τούτων
509 638 669 729 νεῶτερα,
696 637 830 729 λαμπρά
858 639 895 708 δὲ
922 636 964 709 ού
991 654 1087 729 μείου

73 749 218 817 ἐκείνων.
264 752 384 833 ἔτυχον
411 744 472 834 μὲν
500 743 564 835 γὰρ
592 743 692 835 άμφω
719 748 778 834 τῆς
805 743 908 836 άρχής
936 743 981 815 δι’
1012 743 1086 837 άρε-

71 850 133 941 τήν
162 850 242 933 άξίω
270 855 434 942 κριθέντε,
463 854 630 940 γενομένω
660 851 697 921 δὲ
715 853 769 921 ἐπὶ
787 856 855 921 τῶν
882 853 1086 942 πραγμάτων

72 956 160 1027 οὕτω
188 958 272 1048 πρός
288 985 324 1027 τε
342 955 506 1047 ἀλλήλους
534 955 695 1040 εὐνοϊκῶς
723 965 822 1046 ἔσχον
840 960 896 1028 καὶ
924 957 1007 1049 πρὸς
1025 957 1086 1028 τόν

72 1064 256 1153 μεταδόντα
283 1067 341 1153 τῆς
368 1071 537 1153 βασιλείας
565 1062 719 1153 εὐσεβῶς,
749 1062 830 1134 ὥσθ’
862 1061 879 1134 ό
908 1065 970 1153 μὲν
999 1061 1114 1155 ῶμο-ε

71 1171 163 1258 λόγει
193 1170 299 1259 μηδὲν
329 1171 453 1241 τούτου
484 1171 615 1240 πῶποτε
646 1186 796 1259 κρεῖττον
828 1174 1086 1259 βεβουλεῦσθαι,

30 1275 177 1351 Βπολλδι
204 1278 260 1346 καὶ
279 1275 362 1346 άλλα
390 1278 535 1368 σωτήρια
558 1293 628 1358 τοίς
655 1293 782 1359 κοινοῖς
809 1278 964 1368 έξευρῶν,
994 1283 1029 1347 οί
1049 1279 1086 1347 δὲ

71 1381 132 1471 τήν
160 1380 229 1472 μετ’
260 1380 413 1472 άλλήλων
439 1391 622 1453 κοινωνίαν
641 1388 767 1472 μάλλον
785 1380 806 1472 ή
825 1383 887 1472 τήν
910 1388 977 1452 τῶν
997 1382 1085 1453 ὅλων

71 1486 187 1580 άρχήν,
216 1499 306 1579 είπερ
336 1485 410 1559 οἷόν
428 1517 463 1559 τε
481 1482 534 1578 ἦν,
563 1490 688 1582 ἑκάστω
716 1492 977 1580 περιγενομένην
1005 1488 1086 1578 ήγά-

70 1622 153 1665 πων.
209 1593 295 1666 ούτω
329 1596 366 1666 δὲ
399 1602 602 1685 διακείμενοι
638 1595 696 1678 τάς
728 1596 837 1685 ψυχάς
872 1600 940 1665 τῶν
977 1603 1087 1687 ἔργων
1101 1628 1128 1669 ιο

71 1707 181 1791 ἔδρων
207 1701 248 1772 τὰ
280 1703 452 1790 κάλλιστα,
485 1704 659 1792 σεβόμενοι
692 1703 752 1791 μὲν
784 1701 864 1791 μετά
891 1701 953 1790 τήν
980 1711 1087 1794 κρείτ-

44 1835 151 1907 Ιτονα
180 1809 285 1896 φύσιν
312 1807 372 1879 τὸν
399 1808 461 1897 τὴν
489 1808 594 1898 ἀρχὴν
623 1807 737 1891 αύτοῖς
763 1809 988 1899 παρασχόντα,
1015 1825 1089 1891 τοῖς

70 1911 231 2003 ὑπηκόοις
259 1914 296 1984 δέ
324 1910 426 1997 ὁσίως
456 1918 513 1985 καὶ
541 1915 791 2006 φιλανθρῶπως
822 1916 1002 2004 χρῶμενοι,
1030 1918 1088 1985 καὶ

34 2020 149 2103 ῡτούς
176 2021 369 2111 βαρβάρους
397 2019 459 2090 ούκ
486 2022 683 2104 ἐλαύνοντες
714 2022 820 2111 μόνον
847 2022 948 2091 πάλαι
975 2049 1087 2091 κατοι-

70 2131 214 2209 κοῦντας
241 2130 297 2197 καί
324 2131 529 2216 νεμομένους
555 2128 708 2219 καθάπερ
734 2126 797 2217 τήν
824 2134 952 2197 οίκείαν
980 2126 1126 2210 άδεῶςισ

68 2232 110 2302 τά
137 2230 288 2324 ήμέτερα,
317 2234 465 2324 φρούρια
493 2233 531 2303 δὲ
558 2237 803 2323 έπιτειχίζοντες
823 2236 937 2316 αύτοίς
964 2236 1085 2304 τοσαύ-

69 2367 131 2428 την
158 2338 241 2430 πρὸς
269 2337 392 2421 αύτούς
420 2340 558 2430 εἰρήνην
584 2356 655 2422 τοῖς
682 2337 842 2429 ὑπηκόοις
869 2343 1087 2430 κατέστησαν,

70 2444 154 2535 όσην
183 2443 264 2515 ούδδ
296 2444 460 2528 εύξασθαι
486 2446 560 2516 τότε
588 2449 708 2539 ῥᾴδιον
736 2448 852 2518 έδόκει.
898 2444 969 2516 ἀλλ’
1000 2444 1086 2538 ὑπὲρ

69 2552 130 2642 μὲν
161 2553 292 2622 τούτων
325 2549 387 2623 ούιι
420 2551 515 2635 άξιον
542 2556 579 2622 έν
611 2557 765 2646 παρέργῳ
798 2557 915 2642 λέγειν.
960 2557 1020 2641 της
1048 2553 1086 2623 δὲ

70 2656 229 2747 ὁμονοίας
257 2656 369 2728 αύτῶν
396 2663 454 2748 τής
472 2658 556 2750 πρὸς
583 2657 747 2748 ἀλλήλους
772 2658 813 2729 τά
841 2663 997 2749 μέγιστον
1026 2681 1125 2749 ση-εο

69 2781 165 2854 μεῖον
183 2775 383 2856 παραλιπεῖν
411 2764 568 2855 οέδαμῶς
590 2765 743 2854 εὔλογον,
771 2768 827 2836 καὶ
847 2764 954 2847 άλλως
981 2786 1092 2857 προσ-.

32 2874 152 2961 Βήκον
183 2875 228 2963 τῷ
261 2870 359 2963 λόγῳ.
410 2877 593 2941 κοινωνίαν
625 2872 687 2964 γάρ
714 2873 777 2962 την
809 2878 988 2962 καλλίστην
1015 2887 1086 2954 τοῖς

71 2974 185 3046 αύτῶν
211 2979 328 3047 παισὶν
361 2979 597 3066 ἐπινοήσαντες
628 2983 696 3048 τῶν
724 2984 794 3049 σῶν
825 2981 979 3069 πατέρων
1005 2976 1085 3059 τούς

70 3085 198 3173 γάμους
225 3081 386 3174 ήρμοσαν.
422 3085 581 3175 προσήκει
601 3086 638 3154 δὲ
666 3085 832 3174 οἶμαικαὶ
851 3088 926 3176 περὶ
953 3085 1085 3154 τούτων

68 3194 105 3259 έν
124 3197 243 3280 βραχεῖ
269 3196 428 3278 διελθεῖν,
456 3189 545 3273 ὅπως
563 3190 606 3281 μή
626 3196 684 3280 τῆς
712 3190 814 3283 άρχής
832 3195 944 3282 φανῇς
966 3191 1084 3281 μόνον,
1098 3220 1126 3262 ω

68 3294 152 3366 άλλά
179 3298 234 3365 καί
261 3299 320 3384 τῆς
338 3294 455 3386 άρετής
481 3299 695 3387 κληρονόμος.
731 3297 794 3388 τήν
822 3299 883 3387 μὲν
902 3290 965 3367 οὖν
989 3305 1084 3386 βασι-

68 3409 161 3473 λείαν
190 3400 278 3484 ὅπως
311 3404 390 3492 μετά
418 3404 479 3493 τήν
510 3409 572 3474 τού
603 3404 728 3496 πατρὸς
759 3407 895 3493 κατέσχε
926 3402 1084 3492 τελευτήν

69 3508 174 3580 αύτοῦ
207 3538 241 3579 τε
274 3512 405 3580 ἐκείνου
437 3515 477 3601 τῇ
508 3518 615 3602 κρίσει
651 3514 707 3581 καὶ
743 3516 811 3581 τῶν
849 3513 1085 3602 στρατοπέδων

136 3636 311 3730 2άρχῆς]’
294 3642 412 3729 αρετῆς
416 3649 440 3698 V
504 3650 520 3697 6
538 3640 643 3700 τούτου
660 3641 775 3699 πῶποτε
794 3646 827 3714 V]
847 3640 962 3699 πῶποτε
979 3639 1085 3699 τούτου

67 3716 126 3765 9et
139 3716 171 3764 10
188 3703 356 3781 ἠγάπων]
339 3720 376 3765 αν
394 3705 557 3795 ήγάπωνλ
593 3719 625 3766 16
643 3722 669 3767 et
682 3719 713 3767 17
732 3709 833 3775 αύτοις
852 3709 995 3793 τοσαύτην
1012 3706 1084 3780 πρός

68 3772 177 3840 αύτούς
195 3780 272 3850 κεΙτ]
298 3786 360 3843 τοῖς
378 3776 449 3847 πρός
457 3776 575 3862 αύτούς
593 3777 736 3863 τοσαύτην
804 3786 837 3833 22
855 3775 910 3849 τήν
926 3780 1084 3862 καλλίστην

67 3847 155 3930 VM]
153 3849 239 3902 καλλί
226 3849 308 3913 ίστην
379 3853 411 3902 23
429 3841 525 3905 αύτῶν
544 3849 664 3917 θοδεελ]
689 3841 783 3903 αὐτῶν
853 3853 886 3902 25
905 3849 1001 3919 φανῇς
1019 3855 1084 3917 pout

67 3908 171 3983 αἱρετῆς
189 3924 296 3984 ponunt
312 3918 364 3969 Mv
