2416 4290
74 39 1132 393 ΡΑ

556 374 690 428 οιιιτιο
708 376 731 430 1
1106 377 1148 443 27

74 499 247 609 ἀγαθά,
278 503 336 571 καὶ
354 504 426 570 τῶν
453 501 556 572 πάλαι
574 505 800 590 ποθουμέυων
819 502 936 586 διδοὺς
954 501 1148 595 ἀπολαύειν,

74 586 214 737 ’Ξνίκης
255 606 342 677 κατὰ
380 610 451 677 τῶν
488 608 684 700 βαρβάρων,
720 616 890 697 τροπαίων
927 613 1148 701 ἐγειρομένων

77 710 204 785 ἷκοιτδι
238 718 302 804 τῆς
333 720 550 805 Παρθυαίων
581 712 734 796 ἀπιστίας
766 718 821 784 καὶ
855 714 1039 805 ἀνανδρίας
1077 721 1146 806 [καὶ

77 812 286 909 ’,δειλίας]
324 849 375 891 ων
407 820 445 891 τὸ
483 819 545 908 μὲν
525 824 785 902 υέπεδείξαντο
818 820 876 903 τὰς
908 823 1057 905 σπουδὰς
1089 825 1146 895 λύ

96 949 245 1010 εσαντες
277 929 336 996 καὶ
368 926 431 1015 τήν
463 928 601 1016 είρήυην
628 927 901 1016 συγχέαντες,’
868 956 906 997 το
936 929 1039 998 δὲ’
1000 959 1044 1018 μη
1072 941 1145 1000 τολ-
1165 947 1180 1001 Ι

123 1038 255 1123 μῶντες
273 1030 360 1123 ὑπὲρ
378 1036 437 1122 τής
463 1033 573 1161 χώρας
590 1035 646 1102 καὶ
664 1037 733 1102 τῶν
751 1035 920 1122 φιλτάτων
947 1033 1146 1124 ἀμύνεσθαι.

203 1137 288 1209 Ἀλλ’
319 1137 410 1222 ὅπως
427 1140 471 1229 μή
498 1167 548 1222 τις
575 1136 728 1229 ἀπολάβη
746 1168 786 1228 με
804 1140 935 1209 τούτων
952 1142 1013 1229 μὲν
1041 1139 1148 1269 ήδέως

125 1250 321 1336 μεμνήσδαι
347 1273 416 1316 των
444 1253 564 1336 ἔργων,
590 1245 706 1316 ὀκνεῖν
734 1246 771 1316 δὲ
790 1250 910 1333 ἐκεῖνα,
938 1246 1061 1336 περὶ“
1042 1278 1062 1316 α
1090 1250 1147 1318 καὶ

74 1376 76 1383 ·
126 1369 197 1436 τοῖς
216 1358 397 1481 πολεμίοις
414 1356 651 1441 πλεονεκτῆσαι
674 1349 878 1441 παρέσχεν
860 1355 992 1442 ητύχη,
1020 1358 1148 1442 μάλλον

91 1456 210 1533 ιοδδ“
191 1489 215 1548 η
241 1459 335 1550 χάρα
362 1457 424 1548 τήν
456 1462 492 1528 ἐκ
518 1462 580 1529 τοῦ
606 1462 727 1548 καιροῦ
758 1464 1044 1547 προσλαβοῦσα
1026 1461 1146 1550 ροπήν,

74 1578 76 1587 ’
74 1562 171 1679 Ιὡς
200 1565 368 1654 αἰσχύνην
399 1561 495 1655 ἡμῖν,
527 1563 604 1654 οὐχὶ
632 1566 670 1635 δὲ
702 1572 841 1634 ἔπαινον
872 1568 927 1635 καλ
960 1566 1058 1655 τιμήν
1086 1571 1145 1655 φέ-

127 1700 246 1762 ροντα,
283 1674 340 1742 καὶ
364 1668 466 1801 ὑπὲρ
501 1672 631 1741 τούτων
667 1672 865 1760 πειράσομαι
903 1676 1051 1760 δηλῶσαι
1089 1673 1145 1743 διά

74 1774 296 1895 χ’βρσχέωυ,
334 1775 376 1848 ού
407 1776 490 1868 πρὸς
521 1777 559 1848 τὸ
595 1780 866 1848 λυσιτελέστατον
904 1781 1034 1871 ἐμαυτῷ
1067 1778 1147 1861 τοὺς

74 1828 251 1973 ’λόγους
277 1885 442 1973 πλάττων,
469 1883 532 1973 τήν
560 1881 724 1973 ἀλήθειαν
743 1882 817 1953 δὲ’
799 1910 938 1971 αγαπωυ
967 1888 1004 1953 έν
1031 1888 1145 1955 πᾶσιν.
1164 1914 1179 1962 2

78 1983 226 2149 ήιιής
196 2001 231 2061 εί
260 2018 310 2073 τις
341 1990 428 2060 έκων
461 1987 659 2081 ἁμαρτάνοι,
694 1988 756 2079 τήν
789 1992 825 2059 ἐκ
856 1994 918 2060 τοῦ
949 1991 1144 2061 κολακεύειν

75 2138 102 2205 Ι
129 2098 294 2186 αἰσχύνην
321 2094 476 2185 οὐδαμῶς
495 2097 660 2185 ἐκφεύγει,
687 2102 890 2185 προστίθησι
909 2097 946 2166 δὲ
964 2113 1034 2179 τοῖς
1053 2101 1144 2167 ἐπαι-

81 2270 85 2281 ,
82 2202 354 2333 νουμένρις
323 2229 361 2272 το
381 2208 495 2272 δοκεῖν
523 2201 600 2292 μηδ’
630 2200 778 2291 ὑπὲρ
733 2230 801 2271 των
820 2200 931 2272 ἀλλων
949 2196 988 2273 εὖ
1007 2201 1145 2274 ἀκούειν

82 2296 207 2380 ’κατὰ
235 2308 299 2399 τήν
325 2306 479 2391 ἀξίαν·
469 2309 487 2379 6
514 2320 639 2380 παθεῖν
667 2307 931 2398 εύλαβησόμεθα.
978 2314 1078 2390 δείξει
1107 2311 1145 2379 δὲ

129 2412 146 2485 ὁ
172 2417 275 2504 λόγος
301 2413 455 2502 αύτός,ε
440 2418 654 2505 είμηδαμοῦ
680 2414 718 2484 τὸ
738 2419 864 2497 ψεῦδος
891 2414 1037 2503 πρὸτῆς
1064 2413 1143 2548 ἀλή-

74 2529 222 2645 Ι,ἀδείας
249 2528 429 2611 τετίμηκεν.
462 2520 589 2592 ούκούν
616 2514 656 2591 εὖ
684 2520 819 2607 οἷδα,“
800 2549 851 2591 οτι
869 2522 989 2625 πάντες
1016 2517 1059 2590 ἀν
1087 2525 1144 2609 με’-

79 2682 92 2761 33
126 2650 243 2715 γιστον
270 2627 416 2716 φήσειαν
442 2630 666 2717 πλεονέκτημα
694 2657 761 2697 των
779 2628 962 2718 βαρβάρων
989 2626 1050 2697 τὸν
1077 2627 1142 2719 πρὸ

76 2782 90 2827 33
125 2738 192 2804 τοῖν
221 2733 404 2822 Σιγγάρων
430 2736 585 2823 πόλεμον.
626 2732 690 2821 ἐγω
719 2734 757 2803 δὲ
784 2732 977 2822 έκείυην“
943 2763 1005 2823 την
1032 2736 1180 2825 μάχηυΒ

74 2824 87 2939 J
126 2849 181 2909 ἶσα
209 2840 273 2929 μὲν
300 2844 448 2927 ἐνεγκεῖν
473 2855 545 2921 τοῖς
564 2842 801 2929 στρατοπέδοις
827 2839 867 2909 τά
896 2841 1142 2930 δυστυχήματα,

74 2944 77 2973 ¹
126 2949 232 3028 δεῖξαι
260 2946 298 3015 δέ
315 2944 377 3034 τήν
401 2945 465 3035 σήν
483 2944 604 3035 ἀρετήν
632 2949 892 3037 περιγενομένην
919 2950 977 3034 τής
1006 2951 1144 3018 ἐκείνων

91 3053 228 3141 κτύχης
255 3058 363 3140 φαίην
380 3049 424 3121 ἀν
442 3053 586 3140 εἰκότως,
613 3055 669 3122 καί
697 3056 800 3120 ταῦτα
829 3057 1040 3148 στρατοπέδῳ
1066 3083 1145 3144 χρη-

128 3161 277 3247 σαμένην
308 3168 433 3248 θρασεῖ
460 3160 516 3227 καὶ
553 3163 706 3250 τολμηρῷ
743 3161 799 3228 καὶ
831 3159 916 3250 πρὸς
951 3158 1014 3248 τήν
1052 3159 1145 3250 ὥραν

128 3266 182 3333 καὶ
219 3262 283 3353 τήν
319 3266 382 3333 τού
415 3272 557 3352 πνίγους
593 3266 710 3355 ῥώμην
747 3263 808 3354 ούχ
846 3262 967 3354 ὁμοίως
1004 3269 1144 3347 ἐκείνοις

195 3419 211 3468 3
230 3420 260 3467 et
276 3417 294 3465 4
312 3411 362 3465 καλ
382 3419 447 3465 tute
466 3414 579 3474 δειλίας
597 3432 648 3466 om.
662 3415 691 3465 M
711 3417 785 3479 etii..
804 3431 889 3482 quare
909 3414 1020 3494 δειλίας
1039 3415 1145 3465 delevit

129 3483 219 3534 1³06·
211 3500 241 3533 m
267 3482 313 3535 ed.
336 3483 362 3533 fl.
370 3498 456 3547 ,ego
484 3480 534 3534 καλ
561 3482 673 3542 δειλίας
699 3453 803 3535 εοοΙιύεί
878 3487 893 3534 6
921 3474 1093 3560 ἀμύνασθαι
1116 3483 1145 3531 Μ

129 3521 378 3632 θαλεονεκτήμαι
397 3550 464 3603 Rsk
483 3549 887 3631 ειΨγῖλ1πλεονεκτειοθαι
957 3553 987 3599 17
1011 3540 1082 3614 μηδ’
1103 3549 1141 3615 Η]

131 3610 203 3685 μήδ’
227 3620 232 3681 Ι
257 3610 379 3670 ἀκούειν
399 3605 430 3670 εὖ
449 3619 478 3667 M
545 3621 576 3668 21
596 3611 722 3685 φήσειαν
741 3615 780 3686 H]
800 3613 924 3698 φήσαιεν
994 3619 1027 3668 23
1047 3611 1095 3669 ἶσα
1112 3620 1145 3679 V,

81 3684 89 3711 '·
131 3692 161 3737 ut
188 3686 260 3737 nolet
343 3687 377 3735 25
404 3677 582 3766 χρησάμενον
610 3689 642 3738 V.
669 3703 705 3736 an
732 3679 936 3754 χρησαμένουῖ
1022 3687 1054 3735 26
1082 3686 1147 3738 τολ-

84 3766 88 3773 “
132 3770 207 3823 μηρφ
195 3752 295 3809 ’.Βελς
315 3759 345 3803 et
361 3750 398 3818 H]
416 3749 514 3820 τόλμῃ.
546 3753 581 3808 cf.
599 3755 683 3804 2281)
