2416 4290
143 379 185 442 56
448 379 591 431 1UL1AN1
614 375 861 429 ικΡΕιικΤοιιιε

146 508 330 594 διανέμειν·
359 501 426 574 ἀλλ’
457 511 488 574 εί
513 503 557 593 μὴ
586 505 643 574 καὶ
669 508 839 593 βασιλείας
866 504 954 572 ἕλοιο
983 501 1162 589 κοινωνόν,

145 609 230 702 ὑπὲρ
257 604 297 700 ἧς
327 615 492 681 τοσοῦτον
523 607 707 699 ὑπομείνας
738 608 847 679 πόνον
873 606 911 678 τὸ
943 611 1012 679 τών
1038 607 1163 699 τυρόν-

11 750 13 757 ·
90 737 126 787 45
145 746 216 788 νων
243 721 340 805 γένος
367 716 552 808 ἀνῄρηκας,
580 714 683 787 οὐδὲν
710 714 806 800 ἀξιον
832 718 901 785 τών
929 717 1058 785 σαυτοῦ
1085 740 1163 785 κατ-

145 825 354 915 ορθωμάτων
381 831 482 915 ἔργον
509 819 679 912 ὑπέλαβες.
719 825 776 893 καί
805 820 856 892 ότι
886 820 932 912 μη
959 827 1055 913 χρείη
1081 823 1164 910 μάλ-

145 941 206 1001 λον
242 927 263 1020 ἢ
300 934 345 1024 τῷ
381 938 510 1021 χαίρειν
550 930 659 1001 πάντα
696 929 911 1020 δωρούμενος
945 929 1000 999 ἐπὶ
1036 927 1191 1017 ταύτηυο

11 1054 14 1101 ἱ
146 1035 302 1129 ὥρμησας
324 1036 386 1125 τὴν
404 1036 553 1126 γνώμην,
581 1034 707 1107 ἅπασιν
726 1036 818 1124 οἶμαι
837 1034 1008 1126 γνώριμον
1035 1036 1165 1123 γέγονε.

145 1148 214 1214 τών
240 1144 302 1233 μὲν
330 1143 394 1234 γάρ
412 1142 495 1234 πρὸς
513 1142 592 1225 τοὺς
618 1142 807 1232 τυράνυονς
834 1137 977 1229 ἀγώνων
994 1138 1165 1212 κοινωνόν

47 1246 54 1257 ’
146 1248 208 1339 οὐχ
245 1255 352 1336 εἵλου,
388 1253 447 1337 της
482 1252 578 1338 τιμῆς
615 1249 651 1319 δὲ
687 1248 748 1319 τὸν
780 1245 823 1318 ού
853 1246 1060 1337 μετασχόντα
1095 1248 1165 1317 τών

145 1356 263 1426 πόνων
298 1353 441 1445 ἠξίωσας
477 1362 675 1444 μεταλαβεῖν
715 1355 836 1444 μόνον,
878 1353 932 1425 ότε
972 1352 1081 1443 μηδὲν
1115 1359 1166 1423 δτι

146 1460 296 1552 φοβερόν
314 1462 431 1532 ἐδόκει.
467 1464 601 1550 καὶτῆς
627 1461 689 1550 μὲν
708 1459 787 1532 οὐδὲ
806 1458 853 1531 ἐπ’
883 1458 999 1548 ὀλίγον
1027 1457 1165 1549 ἀφελών
1177 1480 1202 1523 ιο

105 1571 247 1656 Βδηλος
279 1567 324 1656 εί,
355 1572 423 1638 τών
453 1569 570 1639 πόνων
602 1568 639 1637 δὲ
672 1565 752 1639 οὐδὲ
784 1569 838 1637 ἐπὶ
870 1565 1013 1657 σμικρόν
1044 1594 1165 1637 κοινω·

146 1687 219 1744 νεῖν
246 1672 364 1757 ἀξιοῖς·
391 1673 479 1763 πλην
507 1684 541 1744 εί
563 1700 630 1744 που
658 1677 728 1745 δίοι
753 1673 837 1766 πρὸς
856 1672 972 1761 ὀλίγον
999 1673 1165 1762 ἑπόμενόν

146 1801 201 1851 σοι
243 1781 492 1871 στρατεύεσθαι.
537 1780 680 1872 πότερον
721 1772 785 1852 οὑν
825 1783 881 1852 καί
922 1780 998 1871 περί
1033 1779 1165 1851 τούτων

146 1888 325 1977 μαρτύρων
351 1891 454 1958 τινών
481 1889 538 1957 καί
564 1893 753 1977 τεκμηρίων
769 1890 816 1980 τῷ
844 1887 932 1980 λόγῳ
959 1880 1164 1978 προσδεῖςῆ

146 1996 251 2080 δῆλον
283 1996 319 2062 ἐκ
353 1997 416 2063 τού
451 1996 622 2081 λέγοντος,
659 1992 711 2064 ότι
742 1992 787 2082 μὴ
825 1999 961 2076 ψευδεῖς
997 1992 1198 2081 ἐπεισάγειν

149 2098 282 2186 λόγους
310 2095 378 2168 ἀλλ’
408 2095 492 2189 ὑπὲρ
510 2099 572 2188 μὲν
590 2099 720 2170 τούτων
748 2097 851 2170 οὐδὲν
870 2106 918 2169 ἔτι
945 2101 1048 2169 πλέον
1067 2096 1163 2182 ἀξιον

147 2207 376 2294 ἐνδιατρίβειν.
413 2206 637 2296 σωφροσύνης
656 2206 693 2277 δὲ
720 2202 806 2294 ὑπὲρ
828 2210 887 2294 τῆς
905 2209 966 2296 σῆς
993 2208 1050 2275 καί
1079 2232 1161 2296 φρο-

146 2311 273 2400 νήσεως
303 2312 360 2381 καί
392 2309 477 2400 ὅσην
509 2309 647 2382 εύνοιαυ
676 2327 748 2394 τοῖς
778 2308 940 2401 ὑπηκόοις
968 2312 1163 2401 ἐνειργάσω,

106 2418 270 2509 Οβραχία
311 2424 461 2489 διελθεῖν
502 2428 581 2501 ίσως
622 2417 684 2490 οάκ
721 2416 856 2491 ἀτοπον.
905 2425 956 2500 τίς
992 2418 1058 2509 γάρ
1099 2414 1163 2508 (d)

146 2521 264 2611 ἀγνοεῖ
293 2528 361 2595 τών
393 2521 552 2596 ἀπόντων
578 2526 746 2613 τοσαύτην
774 2528 810 2595 ἐκ
841 2530 975 2596 παίδων
1001 2527 1060 2613 τῆς
1088 2520 1201 2615 ἀραοῦ

145 2634 203 2718 τῆς
235 2631 356 2719 ταύτης
384 2635 570 2720 ἐπιμέλειαν
597 2631 774 2720 ἐσχηκότα,
806 2629 891 2720 όσην
924 2628 1037 2713 ούδείς
1065 2628 1165 2713 ἀλλος

145 2740 214 2804 τών
242 2742 448 2826 ἔμπροσθενς
480 2738 537 2807 καί
568 2740 626 2824 τῆς
658 2737 719 2825 μὲν
747 2741 785 2807 ἐν
816 2740 911 2807 παισὶ
940 2736 1166 2828 σωφροσύνης

146 2841 273 2931 μάρτνς
301 2838 319 2911 ό
346 2843 455 2933 πατὴρ
482 2846 621 2931 γέγονεν
644 2841 831 2934 ἀξιόχρεως,
860 2845 914 2914 σοί
940 2842 981 2913 τά
1007 2845 1084 2934 περὶ
1101 2841 1166 2933 τὴν

147 2944 254 3038 ἀρχὴν
281 2949 337 3017 καί
363 2947 403 3017 τά
423 2948 505 3041 πρὸς
522 2949 602 3031 τοὺς
625 2948 793 3039 ἀδελφούς
821 2955 961 3021 διοικεῖν
988 2952 1166 3041 ἐπιτρέψας

146 3054 250 3145 μόνω,
279 3051 351 3123 όντι
369 3083 406 3142 γε
430 3053 512 3125 ούδί
530 3057 746 3150 πρεσβυτάτην
773 3060 841 3126 τών
860 3060 991 3127 ἐκείνου
1018 3061 1206 3129 παίδωνω

146 3164 204 3249 τῆς
232 3159 270 3229 δὲ
297 3163 335 3230 ίν
362 3159 528 3252 ἀνδράσιν
560 3160 703 3245 ἅπαντες
731 3164 983 3252 αἰσθανόμεθα,
1010 3163 1165 3253 καθάπερ

101 3286 128 3341 D
146 3273 285 3338 πολίτου
311 3283 383 3350 τοῖς
410 3268 526 3356 νόμοις
553 3265 799 3358 ὑπακούοντος,
832 3267 903 3340 ἀλλ’
934 3267 976 3339 ού
1003 3271 1166 3358 βασιλέως

147 3377 215 3443 τών
252 3373 367 3462 νόμων
403 3372 579 3465 ἀρχοντος,
616 3374 672 3446 ἀεί
705 3396 768 3447 σου
804 3379 1083 3468 προσφερομένου
1118 3377 1165 3468 τῷ

147 3481 270 3569 πλήθει
297 3482 354 3550 καί
380 3495 451 3562 τοῖς
478 3483 515 3549 ἐν
541 3483 635 3551 τέλει.
676 3489 725 3563 τίς
752 3483 816 3574 γάρ
845 3481 908 3574 (τ’)
938 3488 1025 3570 ἔγνω
1053 3489 1164 3572 μεῖζον

216 3685 361 3739 8εῗλωἿ
423 3678 586 3751 θμόνοςν
645 3690 676 3739 11
695 3686 859 3755 κοινωνεῖν]
877 3690 940 3741 vid.
959 3689 994 3740 εδ
1012 3689 1078 3741 17Β
1132 3690 1164 3740 19

149 3749 217 3813 ίοως
236 3752 371 3821 Οοὶιεῖοε]
391 3750 460 3815 πίας
476 3755 481 3822 Ι
495 3751 523 3806 τ’
542 3755 605 3807 add.
624 3757 651 3806 Η
720 3759 753 3808 29
771 3750 800 3808 τ’
818 3757 880 3808 εδδ.
898 3757 927 3807 Η
