2416 4290
107 434 150 498 46
410 437 551 488 mmm
575 435 818 488 τωεοελυοοιε

55 591 89 641 37
108 563 251 653 κοφόροι
278 566 333 632 καί
361 561 398 632 τὸ
426 561 546 632 λοιπὸν
572 558 641 631 τῶν
669 565 797 632 ίππέων
823 564 968 651 πλῆθος,
1002 566 1039 631 οί
1063 560 1127 650 μὲν

108 672 144 739 ἐκ
170 668 278 750 τόξων
305 670 492 758 βάλλοντες,
521 667 615 739 άλλοι
635 668 672 738 δέ
699 668 937 750 ἐπελαύνοντες
962 665 1044 749 τοὺς
1071 672 1124 739 ἳπ-

108 802 207 861 πους,
244 774 389 857 πολλοὺς
424 776 485 863 μέν
522 781 684 863 ἔκτεινον,
722 779 864 845 ἐδίωκον
901 774 938 844 δέ
974 771 1125 857 ἅπαντας

106 884 283 972 καρτερῶς,
309 881 403 964 τινας
430 882 491 970 μέν
508 880 593 971 πρὸς
615 880 652 951 τὸ
671 887 790 951 πεδίον
817 877 1014 972 ῶρμηκότας
1040 880 1124 969 φεύ·

107 1016 194 1076 γειν,
228 980 276 1057 ῶν
302 985 323 1078 ἡ
351 987 413 1071 νὺξ
446 985 582 1076 ὀλίγους
609 985 759 1058 άπέσωσε
790 988 899 1076 μόλις,
930 984 968 1056 τὸ
1002 984 1150 1057 λοιπδνι

108 1095 145 1163 δέ
183 1098 216 1176 ἐς
251 1093 313 1165 τὸν
353 1094 504 1184 ποταμὸν
544 1097 749 1185 κατηνέχθη,
780 1095 933 1185 καθάπερ
969 1096 1066 1182 βοῶν
1100 1088 1123 1183 ἢ

107 1200 329 1289 βοσκημάτων
361 1200 462 1290 άγέλη
495 1201 788 1290 συνελαυνόμενοι.
834 1203 981 1270 τοσαῦτα
1014 1202 1122 1270 ἐκεῖνο

105 1306 143 1376 τὸ
173 1307 360 1396 στράτευμα
388 1312 445 1395 της
467 1311 530 1377 τοῦ
555 1308 727 1399 τυράννου
747 1313 880 1395 δειλίας,
908 1303 1012 1376 οὐδέν
1040 1309 1123 1376 ἐκεί·

106 1440 170 1482 νον
198 1410 327 1503 ὀνῆσαν
355 1416 390 1484 έκ
416 1418 474 1502 τῆς
501 1411 658 1504 ἀνδρείας
683 1418 741 1503 τῆς
764 1409 880 1501 αὑτοῦ,
907 1413 1016 1502 μάτην
1043 1409 1123 1483 άπέ-

65 1528 219 1598 Βλανσε.
268 1520 430 1609 τρόπαιον
472 1521 508 1591 δέ
550 1518 735 1611 ἀνέστησας
775 1522 829 1591 ἐπὶ
865 1522 905 1609 τη
941 1524 1019 1609 νίκη
1060 1520 1161 1589 τοῦιι

105 1626 263 1720 πατρῴου
295 1626 532 1717 λαμπρότερον.
579 1624 597 1696 ό
625 1627 686 1716 μέν
718 1626 782 1716 γάρ
813 1625 893 1708 τοὺς
923 1628 1006 1707 τέως
1038 1622 1122 1713 άμά-

65 1722 71 1732 ’
105 1760 186 1820 χους
219 1736 404 1814 δοκοῦντας
436 1731 529 1822 άγων
566 1733 694 1824 ἐκράτει
726 1736 885 1823 γέροντος
917 1734 1125 1821 δυστυχοῦς·

106 1836 150 1907 σύ
178 1839 215 1908 δὲ
241 1834 380 1928 ἡβῶσαν
398 1842 454 1909 καὶ
483 1837 695 1928 ἀκμάζουσαν
714 1837 756 1910 οὗ
783 1855 853 1921 τοῖς
880 1853 995 1920 κακοῖς
1013 1839 1123 1927 μόνον

106 1939 156 2026 οἷς
184 1950 274 2034 ἔδρα,
301 1949 341 2035 τη
368 1946 499 2035 νεότητι
523 1946 561 2015 δέ
579 1947 691 2034 πλέον,
717 1945 779 2036 τὴν
806 1949 993 2036 τυραννίδα
1020 1970 1121 2035 παρε-

106 2050 231 2140 στήσω,
263 2066 333 2134 τοῖς
360 2048 426 2121 ὑπὸ
456 2056 519 2122 σοῦ
546 2064 854 2141 παρασκευασδεῐσι
881 2053 1158 2142 στρατοπέδοιςιι

104 2157 384 2248 παραταξάμενος.
434 2165 484 2241 τίς
521 2158 585 2250 γάρ
617 2165 724 2230 εἰπεῖν
760 2164 826 2247 έχει
861 2161 930 2227 τῶν
966 2156 1122 2248 πρόσθεν

104 2260 361 2355 αὐτοκρατόρων
380 2262 517 2354 ἱππικὴν
536 2265 682 2354 δύναμιν
700 2268 756 2335 καὶ
775 2262 900 2353 σκευὴν
917 2267 987 2333 τῶν
1005 2261 1121 2333 ὅπλων

64 2371 264 2459 οτοιαότην
286 2370 522 2461 ,έπινοησαντα
557 2374 614 2441 καὶ
651 2372 894 2461 μιμησάμενονς
931 2361 954 2460 ᾖ
989 2374 1121 2460 πρῶτος

104 2475 205 2559 αὐτὸς
232 2479 525 2567 ἐγγυμνασάμενος
544 2478 744 2560 διδάσκαλος
772 2479 890 2565 ἐγένου
907 2490 978 2558 τοῖς
1006 2474 1120 2559 ἄλλοις

103 2581 217 2654 όπλων
244 2584 390 2675 χρήσεως
409 2582 548 2674 άμάχον.
584 2581 669 2675 ὑπὲρ
696 2577 736 2674 ἧς
763 2590 868 2655 εἰπεῖν
893 2582 1119 2672 τολμήσαντες
1132 2612 1156 2653 ιι

102 2693 220 2759 πολλοὶ
251 2694 310 2778 τῆς
342 2689 436 2773 άξίας
464 2692 663 2780 διήμαρτον,
693 2688 779 2761 ὥσθ’
809 2688 883 2759 ὅσοι
909 2691 979 2758 τῶν
1005 2689 1120 2776 λόγων

103 2792 307 2876 ἀκούσαντες
334 2794 477 2887 ὕστερον
505 2803 592 2866 ίδείν
618 2794 812 2886 ηὐτύχησαν
839 2794 899 2877 τάς
926 2793 1032 2878 άκοδις
1059 2816 1119 2865 σα-

102 2905 176 2990 φῶς
203 2899 419 2992 άπιστοτέρας
437 2909 589 2991 ἔγνωσαν
617 2902 790 2973 εἶναιτῶν
817 2901 983 2991 ὀμμάτων.
1026 2899 1118 2971 ἄπει-

103 3036 164 3096 ρον
196 3007 259 3096 γάρ
290 2999 367 3098 ἦγες
400 3013 527 3080 ίππέων
557 3013 702 3098 πλῆθος,
734 3010 885 3097 καθάπερ
914 3005 1137 3099 ἀνδριάντας

102 3117 155 3184 ἐπὶ
182 3118 251 3184 τῶν
278 3119 389 3185 ἵππων
408 3113 624 3205 ὀχουμένους,
652 3111 703 3198 οἷς
726 3116 938 3206 συνήρμοστο
966 3111 1007 3183 τά
1035 3116 1117 3204 μέλη
1131 3144 1158 3187 τι

56 3220 183 3298 Βκατά
210 3227 349 3310 μίμησιν
376 3226 435 3312 τῆς
453 3221 672 3311 ἀνθρωπίνης
700 3222 844 3311 φύσεως·
873 3218 938 3291 άπὸ
959 3220 1022 3309 μὲν
1048 3224 1119 3290 τῶν

101 3326 213 3420 άκρων
240 3332 378 3419 καρπῶν
397 3332 430 3411 ἐς
452 3327 532 3412 τοὺς
559 3326 723 3417 άγκῶνας,
751 3332 881 3398 ἐκεῖθεν
900 3327 937 3396 δέ
965 3329 1020 3397 έπδ
1037 3324 1118 3409 τοὺς

167 3552 252 3601 20t3
276 3551 338 3608 τοῖς
362 3547 463 3629 ἵπποις
484 3549 513 3598 Μ
581 3550 597 3599 6
620 3541 649 3608 ἐς
666 3544 703 3615 V]
728 3542 769 3607 τίς
838 3539 969 3599 θαότοῦ
987 3542 1114 3613 δελετεδ]

100 3607 190 3669 αὐτοῦ
259 3621 317 3668 θοι
329 3620 361 3669 10
383 3607 534 3696 άπήλανσε
556 3617 615 3668 VM
685 3619 716 3668 13
743 3610 834 3695 μόνον
855 3612 934 3681 VM
935 3606 998 3665 όνσι
1085 3616 1118 3664 14

99 3680 186 3735 πλέον
204 3700 255 3735 om.
274 3685 303 3735 Μ
371 3688 404 3737 23
418 3687 492 3735 et24
509 3674 630 3748 ἄπειρον
648 3683 727 3747 Rsk]
744 3674 873 3762 άπείρων
914 3632 976 3733 μ24
993 3629 1066 3749 ῶγες
1081 3678 1117 3747 V]

100 3744 175 3818 εἶχες
244 3754 362 3804 wem
386 3750 443 3804 τῶν
461 3744 557 3816 άιιρων
576 3767 661 3815 καρπ.
678 3740 758 3817 V]''
739 3767 834 3818 ακρων
851 3748 908 3802 τῶν
925 3766 1013 3817 καρπ.
1083 3750 1116 3800 2⁷

99 3810 129 3880 ἐς
147 3817 181 3887 V]
201 3814 243 3879 είς
