2416 4290
354 800 796 880 ADDENDA.

169 1099 244 1163 Eme,
257 1113 316 1168 quoe
329 1099 486 1165 sequuntur,
500 1110 563 1147 casu
576 1092 619 1146 vel
640 1090 744 1146 incurii
762 1095 810 1144 aut
822 1089 920 1144 omissa
932 1089 947 1143 e
959 1092 1038 1144 texto

116 1192 305 1254 antcorrapta,
320 1184 372 1236 huc
394 1182 496 1250 redigo.
534 1179 641 1244 Lector,
653 1179 676 1231 si
695 1195 755 1247 quoe
777 1193 872 1232 eorum
891 1178 1038 1248 prohetia

115 1275 245 1343 margine,
259 1272 305 1326 ubi
318 1272 462 1340 pertinent,
476 1284 572 1336 precor
584 1268 703 1322 adnotet.

168 1361 227 1414 Lib.
240 1361 276 1412 A.
297 1358 355 1412 See.
369 1361 394 1411 3.
414 1357 527 1410 Frustra
538 1357 627 1411 forsan
641 1378 750 1419 canorae
767 1374 817 1425 pro
830 1379 934 1420 εκτεινως
951 1359 1037 1426 posui.

116 1448 164 1503 sin
176 1446 344 1513 mutandam,
358 1444 454 1497 melius
467 1469 494 1501 εκ
508 1468 556 1499 του
568 1469 679 1508 troarno.

169 1534 240 1589 seca.
253 1535 278 1586 5.
297 1532 352 1586 Pro
364 1552 480 1586 τοιαυτα
492 1531 551 1600 lege
567 1540 706 1597 Osatpcua.
732 1532 756 1588 7.
776 1531 831 1584 Pro
845 1537 927 1585 παλιν
938 1533 956 1588 l.
969 1554 1039 1588 κατα

116 1641 214 1692 anepos.

169 1707 240 1762 Seni.
254 1709 296 1761 11.
315 1707 388 1775 Lege
399 1727 436 1760 τα
449 1726 517 1777 προς
531 1729 556 1761 a.
574 1728 634 1778 συμ.
652 1714 729 1772 rao„
742 1713 822 1777 προβ.
841 1728 912 1761 κατα
929 1728 977 1771 τας
990 1728 1040 1761 κα-

116 1817 251 1862 coaxantes
260 1795 429 1864 (-indugia)
443 1817 479 1849 τα
489 1815 548 1867 περ.
559 1817 604 1869 πρ.

169 1882 239 1936 Seni.
253 1885 295 1936 13.
314 1882 369 1936 Pro
381 1902 443 1954 prpe
456 1906 504 1938 του
516 1884 535 1938 l.
550 1883 603 1939 orrc’
615 1907 719 1949 εικαςου
732 1905 867 1957 περιττου,
879 1909 907 1941 τι
919 1893 948 1941 0.
984 1885 1039 1940 Pro

117 1989 205 2038 ευχαρ.
219 1969 291 2038 quod
302 1969 430 2039 Epicurei
441 1971 540 2048 potius
552 1987 632 2042 qnam
645 1972 738 2043 Stoici,
751 1974 843 2028 forsan
862 1997 892 2027 ov
907 1996 969 2045 χαρ.
1007 1974 1040 2026 In

117 2074 177 2128 pag.
200 2061 224 2127 9,
244 2058 263 2113 l.
282 2061 366 2112 αλλων
391 2059 509 2129 ὧντινων,
537 2077 588 2129 pro
616 2060 673 2116 ουδ’
693 2083 761 2117 αυτο
784 2083 865 2116 τουτο
889 2062 907 2115 l.
936 2060 992 2114 ουδ’
1008 2081 1041 2113 αν

118 2166 184 2199 aare
197 2145 229 2199 ὁυ
242 2163 354 2200 cronon.
391 2144 457 2215 Peg.
478 2150 519 2217 10,
533 2163 584 2218 pro
602 2152 663 2218 ςολη
678 2148 697 2203 i.
712 2171 798 2218 ςοη-
812 2148 940 2217 porticus,
955 2147 1040 2217 qualis

117 2231 197 2286 hodie
218 2233 233 2285 e
255 2231 377 2300 Bologaet
394 2230 445 2301 per
461 2235 580 2303 spatium
599 2234 654 2288 duo
671 2235 728 2289 mii.
742 2233 989 2304 porrecte-qualis
1008 2247 1040 2285 ea

118 2335 222 2389 quoqne
235 2317 394 2373 Surrentina
405 2319 435 2373 in
447 2319 621 2391 Statio-pro
641 2343 678 2375 τα
697 2323 785 2374 πολλα
803 2320 821 2372 ].
835 2322 947 2383 παλαια,
962 2316 1038 2369 atde

118 2405 284 2474 Vespasiano
297 2403 417 2462 Sueten.
437 2407 506 2462 nihil
524 2413 659 2460 mutatum
673 2405 759 2458 voluit
771 2404 872 2457 invilla
889 2401 979 2468 natali,
1003 2415 1037 2453 ne

118 2495 182 2564 qnid
202 2494 344 2548 oculorum
365 2495 553 2551 consuetudini
580 2493 823 2563 deperiret—pro
844 2509 963 2560 rnauapr.
977 2489 1037 2557 iege

119 2601 198 2635 aneu.
217 2597 267 2651 pro
286 2601 341 2644 πας
364 2581 448 2638 orer.
467 2583 484 2637 l.
503 2602 557 2644 πας
576 2578 591 2635 ὁ
608 2600 675 2652 προς
694 2599 811 2640 onustare.
828 2593 879 2647 pro
892 2596 1003 2630 anam
1019 2575 1037 2632 l.

118 2687 250 2729 auertere.

170 2754 228 2808 Lib.
243 2755 274 2808 B.
296 2754 367 2810 Sect.
383 2759 407 2812 1.
425 2756 493 2812 Post
505 2775 551 2809 νου
562 2753 581 2809 1.
596 2753 623 2808 oi.

171 2839 242 2894 Soet.
254 2843 279 2894 2.
298 2841 365 2894 Post
378 2842 535 2912 cirenensem·
546 2843 565 2897 l.
580 2842 611 2898 ὁυ
620 2860 702 2896 crem
714 2838 771 2895 ὦδε.

171 2926 241 2979 Sect-
255 2928 281 2979 3·
300 2925 355 2978 ΡΓΟ
373 2946 440 2994 msa
459 2929 532 2994 quod
553 2948 678 2999 poprrnor
693 2932 743 2997 esi,
755 2927 774 2982 l.
795 2924 989 2998 raptato-vel,
1011 2921 1043 2984 ὡς

118 3031 246 3082 aporema
264 3018 416 3079 ασμενιςεᾱ·
428 3019 490 3079 post
508 3017 578 3076 ἱλεως
589 3017 767 3085 periodicum.

172 3096 243 3154 Sect.
255 3101 281 3152 4.
301 3096 356 3150 Pro
369 3117 400 3149 ov
407 3101 461 3167 χρᾶ
469 3099 487 3154 l.
503 3120 548 3152 nau
566 3107 685 3171 αποχρᾶ.

171 3184 242 3241 Soet.
256 3187 282 3240 5.
300 3185 355 3238 Pro
369 3206 440 3253 μετα
452 3207 498 3253 της
509 3187 528 3241 l.
541 3185 597 3256 μετ’
611 3208 714 3256 operae.

172 3272 243 3328 Sect.
257 3276 282 3330 6.
300 3272 354 3326 Pro
368 3270 460 3341 ὕβριζ’]
467 3294 480 3333 ,·
497 3273 517 3327 l.
535 3271 631 3341 ὓβριζει
641 3295 689 3334 συ

172 3359 244 3416 Seni.
257 3360 282 3418 7·
301 3359 355 3413 Pro
368 3362 488 3429 πραεεων
500 3359 517 3412 l.
532 3362 689 3427 αταραὲιων.

172 3449 242 3504 Sect.
258 3452 299 3504 10.
319 3447 373 3501 Pro
386 3451 489 3518 πραξαι
501 3446 519 3500 l.
534 3449 855 3516 nepesina-pervertere,
867 3444 1003 3501 seducere.

172 3537 242 3593 Sect.
257 3538 298 3594 17.
318 3536 373 3590 Pro
387 3534 443 3590 ὁιαι
455 3556 521 3589 stow
531 3534 549 3588 l.
562 3533 577 3588 ὁ
588 3549 594 3562 ·
607 3554 643 3594 εις
656 3535 864 3603 papante-verbi
874 3532 1041 3602 gratia-vel

119 3648 157 3690 εις
171 3629 322 3690 eacan-for
334 3629 464 3682 instance.
501 3625 611 3680 Etenim
631 3645 680 3677 εισι
692 3640 723 3677 ac
735 3645 778 3691 εςι,
793 3625 840 3677 ubi
852 3642 907 3678 aon
918 3629 1040 3703 prosunt,

119 3712 227 3778 obsunt,
240 3714 395 3768 obtundant
407 3713 475 3768 adeo
494 3730 525 3768 ae
538 3717 650 3767 onerant
662 3710 834 3766 sententiam.
871 3711 956 3767 Stoici
974 3729 1041 3765 scm·

119 3800 319 3869 perLaoonice.
