2416 4290
541 430 678 485 ORATIO
696 432 719 483 1.
1120 428 1141 491 5

114 562 198 644 τοὺς
231 564 449 651 θαρροῦντες
478 574 547 641 τοῖς
583 562 773 647 ἐγκωμίοιςς
810 564 860 639 τίς
891 554 934 626 άν
966 548 1029 625 οὖν
1064 552 1142 645 ἡμῖν

117 666 204 760 ἁρχὴ
234 670 292 737 καὶ
319 666 412 747 τάξις
429 670 490 735 τοῦ
508 667 613 752 λόγου
641 667 771 751 γε’νοιτο
791 672 963 751 καλλίστης
993 660 1012 751 ἢ
1037 668 1141 751 δῆλον

118 771 164 857 ῶς
196 770 214 862 ἡ
244 777 314 842 τῶν
341 772 521 863 προγόνων
554 770 669 863 άρετή,
702 768 747 841 δι’
780 768 821 859 ἣν
856 768 979 859 ἰπῆρξί
1004 790 1057 839 σοι
1086 772 1142 838 καὶ

117 882 156 951 τὸ
185 880 330 971 τοιούτῳ
359 882 533 967 γενέσθαις
566 881 693 967 τροφῆς
720 878 756 947 δὲ
786 876 878 965 οἶμαι
905 879 958 946 καὶ
988 882 1141 957 παιδείας
1159 882 1183 935 Ι)

94 990 197 1075 εὲξῆς
223 986 386 1075 προσήκει
413 990 621 1074 μνησθῆναι,
655 982 735 1074 ἥπερ
764 1006 815 1053 σοι
845 982 882 1053 τὸ
911 992 1066 1053 πλεῖστον
1094 990 1142 1065 είς

123 1092 184 1183 τὴν
217 1090 438 1183 ὑπάρχουσαν
469 1089 591 1183 άρετην
623 1094 919 1179 συνεισηνίγκατο.
952 1088 1006 1177 ἐφ’
1037 1088 1141 1158 άπασι

120 1200 159 1270 δὲ
188 1200 322 1280 τούτοις
355 1197 464 1287 ῶσπερ
499 1206 713 1288 γνωρίσματα
744 1200 813 1266 τῶν
846 1202 904 1284 της
934 1200 1040 1285 ψυχης
1067 1194 1141 1285 άρε-

118 1310 191 1375 τῶν
223 1306 283 1387 τάς
314 1306 448 1393 πράξεις
476 1310 640 1391 διελθεῖν,
673 1306 728 1373 καὶ
757 1306 850 1385 τέλος
877 1306 1068 1373 ἐπιτιθέντα
1095 1306 1141 1395 τῷ

119 1414 211 1505 λόγῳ
246 1410 304 1491 τὰς
335 1414 417 1493 ἕξεις
451 1416 614 1500 δηλῶσαι,
652 1408 735 1480 ὅθεν
768 1406 961 1499 ὁρμώμενος
992 1408 1033 1479 τά
1064 1410 1142 1479 ιιάλ-

79 1548 106 1587 εο
120 1528 218 1587 λιστα
246 1522 314 1587 τῶν
342 1524 449 1606 ἔργων
469 1523 613 1609 ε”δρασας
640 1519 695 1587 καὶ
715 1518 914 1605 ἐβουλεύσω.
951 1516 1059 1609 τούτῳ
1079 1514 1142 1605 γάρ

121 1624 217 1713 οἶμαι
245 1626 300 1693 καὶ
328 1628 396 1693 τῶν
424 1622 535 1693 ἄλλων
553 1625 689 1693 πάντων
717 1630 859 1693 διοίσειν
878 1622 937 1691 τὸν
966 1624 1077 1709 λόγον.
1110 1626 1147 1691 οί
1162 1632 1179 1681 ὃ

122 1732 186 1819 μὲν
214 1729 278 1818 γάρ
308 1732 360 1799 ε’πλ
388 1734 456 1799 τῶν
483 1732 635 1822 πράξεων
663 1734 826 1807 ἵστανται,
854 1727 1005 1817 άποχρην
1034 1729 1142 1817 οίόμε-

123 1864 179 1907 νοι
196 1836 282 1923 πρὸς
301 1836 362 1924 τὴν
389 1843 518 1906 τελείαν
537 1835 706 1925 εὐφημίαν
730 1836 767 1905 τὸ
786 1837 916 1905 τούτων
939 1840 1143 1923 μνησθῆναι,

123 1941 188 2029 ίγῶ
222 1943 260 2011 δὲ
293 1941 386 2032 οἶμαι
418 1947 491 2012 δεῖν
522 1946 597 2033 περὶ
630 1946 697 2011 τῶν
735 1941 862 2031 ἀρετῶν
894 1942 954 2011 τὸν
987 1952 1144 2012 πλεῖστον

84 2080 110 2118 ιε
123 2050 228 2136 λόγον
255 2049 478 2137 ποιήσασθαι,
506 2047 566 2136 ἀφ’
598 2041 646 2118 ῶν
674 2045 867 2138 ὁρμώμενος
900 2052 952 2118 ἐπὶ
980 2052 1144 2117 τοσοῦτον

125 2160 192 2225 τῶν
220 2156 493 2243 κατορθωμάτων
523 2148 630 2243 ἦλθες.
671 2154 711 2223 τά
739 2156 800 2243 μὲν
829 2154 891 2243 γὰρ
911 2165 1047 2225 πλεῖστιι
1075 2159 1144 2225 τῶν

127 2268 247 2349 ἔργω-ν,
281 2260 405 2349 σχεδὸν
438 2263 475 2331 δὲ
507 2263 631 2348 πάντα,
664 2262 746 2350 τύχη
778 2264 832 2330 καὶ
867 2263 1055 2351 δορυφόροι
1087 2264 1144 2331 καὶ

126 2372 338 2458 στρατιωτῶν
367 2368 536 2456 φάλαγγες
563 2370 619 2438 καὶ
637 2370 744 2450 τάξεις
768 2370 894 2437 ίππίων
924 2372 994 2455 [καὶ
1021 2372 1142 2455 πεζῶν]

126 2478 412 2562 συγκατορθοῦσι,
440 2474 480 2543 τὰ
508 2475 546 2545 δὲ
564 2478 621 2563 τῆς
640 2473 757 2565 άρετης
785 2482 865 2561 ἔργα
894 2475 1001 2562 μόνον
1020 2477 1057 2544 τέ
1073 2478 1144 2543 ἐστι

88 2584 185 2650 ιοτοῦ
219 2581 421 2670 δράσαντος,
458 2584 513 2649 καὶ.
546 2578 563 2651 ὁ
598 2585 633 2650 ἐκ
669 2582 799 2651 τούτων
838 2588 974 2662 ἔπαινος
1011 2578 1183 2671 άληθὴςΒ

125 2698 299 2768 καθεστιις
326 2688 414 2768 ίδιός
442 2690 510 2756 ἐστι
537 2692 598 2757 τοῦ
616 2691 829 2777 κεκτημένον.
872 2686 1000 2758 ούιιοῦν
1028 2688 1141 2778 ἐπειδὴ

124 2790 225 2862 ταῦθ’
259 2789 337 2881 ἡμῖν
365 2798 483 2882 σαφῶς
511 2794 696 2883 διῶρισται,
724 2798 791 2863 τῶν
819 2794 929 2881 λόγων
957 2794 1106 2885 άρξομαι.

201 2895 240 2967 ‘0
273 2899 334 2987 μὲν
363 2892 426 2969 οὖν
457 2904 526 2969 τῶν
559 2904 705 2970 ἐπαίνων
739 2902 841 2990 νόμος
873 2900 975 2971 οὐδὲν
1008 2910 1143 2972 ἔλαττον

125 3008 181 3093 τῆς
209 3010 371 3096 πατρίδος
397 3002 418 3095 ἢ
447 3011 515 3075 τῶν
533 3008 711 3098 προγόνων
730 3004 819 3089 άξιοῖ
839 3012 1038 3097 μεμνῆσθαι.
1077 3008 1142 3096 ἐγῶ

92 3110 162 3180 ωδὲ
196 3110 260 3181 οὐκ
293 3110 386 3197 οἶδα,
419 3120 494 3183 τίνα
527 3112 588 3205 χρὴ
620 3118 754 3203 πρῶτον
788 3110 971 3203 ὑπολαβεῖν
998 3122 1142 3205 πατρίδα

127 3218 202 3307 σήν·
231 3224 317 3307 ἔθνη
347 3217 410 3310 γάρ
438 3228 542 3308 μυρία
560 3224 635 3309 περὶ
654 3220 777 3308 ταύτης
804 3219 1010 3310 άμφισβητεῖ
1034 3222 1142 3292 πολύν

127 3320 187 3413 ἤδη
220 3321 355 3415 χρόνον.
400 3328 456 3394 καὶ
486 3323 504 3414 ἡ
536 3326 597 3415 μὶν
629 3328 854 3415 βασιλεύουσα
886 3332 954 3397 τῶν
985 3325 1142 3397 ἁπάντων

125 3430 228 3519 πόλις,
256 3432 365 3521 μήτηρ
393 3424 478 3501 οὖσα
503 3432 544 3521 σὴ
572 3435 625 3502 καὶ
655 3433 781 3523 τροφὸς
805 3437 859 3503 καὶΙ
878 3434 940 3523 τὴν
968 3440 1182 3521 βασιλείανΟ

191 3588 530 3723 λάνούνῖρίούναν
599 3592 785 3672 λῆλῖλίλῆ
857 3608 889 3656 10
913 3595 1003 3669 τούτῳ
1021 3602 1057 3669 Η]
1078 3602 1143 3657 τού-

126 3686 179 3720 των
196 3670 236 3735 V,
258 3667 363 3721 τοῦτον
414 3686 431 3719 v
501 3674 533 3723 13
557 3664 587 3724 τῶ
610 3672 781 3739 μνησθῆναι
804 3666 912 3723 τούτων
937 3672 964 3726 ss.
1037 3674 1069 3722 15
1096 3666 1143 3725 ἐπὶ

126 3734 156 3789 τδ
173 3734 313 3791 τοσοῦτον
330 3737 355 3788 V
424 3741 455 3789 18
479 3736 528 3789 καὶ
550 3738 643 3803 πεζῶν
668 3748 699 3791 ut
723 3740 843 3791 delenda
866 3739 974 3793 inclusi.
1010 3739 1144 3791 Reiskius

127 3806 285 3873 suspicatur
302 3800 352 3856 ιιαλ
370 3797 451 3872 λάχοι
468 3804 560 3869 πεζῶν
1012 3824 1156 3939 β
