<?xml version="1.0" encoding="UTF-8"?>
<!DOCTYPE html PUBLIC "-//W3C//DTD XHTML 1.0 Transitional//EN"
    "http://www.w3.org/TR/xhtml1/DTD/xhtml1-transitional.dtd">
<html xmlns="http://www.w3.org/1999/xhtml" xml:lang="en" lang="en">
 <head>
  <title>
</title>
<meta http-equiv="Content-Type" content="text/html;charset=utf-8" />
  <meta name='ocr-system' content='tesseract 3.04.00' />
  <meta name='ocr-capabilities' content='ocr_page ocr_carea ocr_par ocr_line ocrx_word'/>
</head>
<body>
  <div class='ocr_page' id='page_1' title='image "./iulianiimperato02juligoog_0026.png"; bbox 0 0 2416 4290; ppageno 0'>
   <div class='ocr_carea' id='block_1_1' title="bbox 536 394 1134 459">
    <p class='ocr_par' dir='ltr' id='par_1_1' title="bbox 536 394 1134 459">
     <span class='ocr_line' id='line_1_1' title="bbox 536 394 1134 459; baseline 0.008 -6"><span class='ocrx_word' id='word_1_1' title='bbox 536 400 673 453; x_wconf 73' lang='grc' dir='ltr'><strong><em>οκιτιο</em></strong></span> <span class='ocrx_word' id='word_1_2' title='bbox 691 402 713 457; x_wconf 87' lang='lat'><strong><em>1.</em></strong></span> <span class='ocrx_word' id='word_1_3' title='bbox 1094 394 1134 459; x_wconf 87' lang='lat'><strong><em>13</em></strong></span> 
     </span>
    </p>
   </div>
   <div class='ocr_carea' id='block_1_2' title="bbox 74 526 1169 3277">
    <p class='ocr_par' dir='ltr' id='par_1_2' title="bbox 74 526 1169 3277">
     <span class='ocr_line' id='line_1_2' title="bbox 98 526 1134 618; baseline -0.005 -20"><span class='ocrx_word' id='word_1_4' title='bbox 98 529 293 618; x_wconf 74' lang='grc' dir='ltr'><strong><em>φέρεσθαι,</em></strong></span> <span class='ocrx_word' id='word_1_5' title='bbox 328 530 390 616; x_wconf 81' lang='grc' dir='ltr'><strong><em>τῆς</em></strong></span> <span class='ocrx_word' id='word_1_6' title='bbox 428 528 645 616; x_wconf 74' lang='grc' dir='ltr'><strong><em>ἐπιτυχούσης</em></strong></span> <span class='ocrx_word' id='word_1_7' title='bbox 678 530 730 613; x_wconf 79' lang='grc' dir='ltr'><strong><em>δέ,</em></strong></span> <span class='ocrx_word' id='word_1_8' title='bbox 763 526 900 597; x_wconf 80' lang='grc' dir='ltr'><strong><em>έπειὸὰν</em></strong></span> <span class='ocrx_word' id='word_1_9' title='bbox 932 532 970 596; x_wconf 92' lang='grc' dir='ltr'><strong><em>αί</em></strong></span> <span class='ocrx_word' id='word_1_10' title='bbox 1000 528 1134 612; x_wconf 85' lang='grc' dir='ltr'><strong><em>πράξεις</em></strong></span> 
     </span>
     <span class='ocr_line' id='line_1_3' title="bbox 101 632 1135 726; baseline -0.004 -22"><span class='ocrx_word' id='word_1_11' title='bbox 101 632 159 705; x_wconf 87' lang='grc' dir='ltr'><strong><em>τὸν</em></strong></span> <span class='ocrx_word' id='word_1_12' title='bbox 188 633 323 724; x_wconf 84' lang='grc' dir='ltr'><strong><em>καιρὸν</em></strong></span> <span class='ocrx_word' id='word_1_13' title='bbox 344 636 499 704; x_wconf 81' lang='grc' dir='ltr'><strong><em>ένὸῶσιν.</em></strong></span> <span class='ocrx_word' id='word_1_14' title='bbox 535 632 619 703; x_wconf 79' lang='grc' dir='ltr'><strong><em>ὅθεν</em></strong></span> <span class='ocrx_word' id='word_1_15' title='bbox 638 632 709 726; x_wconf 72' lang='grc' dir='ltr'><strong><em>ᾤου</em></strong></span> <span class='ocrx_word' id='word_1_16' title='bbox 728 640 801 703; x_wconf 81' lang='grc' dir='ltr'><strong><em>δεῖν</em></strong></span> <span class='ocrx_word' id='word_1_17' title='bbox 823 634 937 704; x_wconf 77' lang='grc' dir='ltr'><strong><em>καὶτὰ</em></strong></span> <span class='ocrx_word' id='word_1_18' title='bbox 966 634 1135 722; x_wconf 88' lang='grc' dir='ltr'><strong><em>γυμνάσια</em></strong></span> 
     </span>
     <span class='ocr_line' id='line_1_4' title="bbox 106 739 1134 831; baseline -0.004 -20"><span class='ocrx_word' id='word_1_19' title='bbox 106 741 188 831; x_wconf 82' lang='grc' dir='ltr'><strong><em>πρὸς</em></strong></span> <span class='ocrx_word' id='word_1_20' title='bbox 216 741 354 829; x_wconf 90' lang='grc' dir='ltr'><strong><em>ταύτην</em></strong></span> <span class='ocrx_word' id='word_1_21' title='bbox 381 751 561 827; x_wconf 78' lang='grc' dir='ltr'><strong><em>ποιεῖσθαι,</em></strong></span> <span class='ocrx_word' id='word_1_22' title='bbox 589 739 676 810; x_wconf 82' lang='grc' dir='ltr'><strong><em>εἶναι</em></strong></span> <span class='ocrx_word' id='word_1_23' title='bbox 704 740 742 809; x_wconf 72' lang='grc' dir='ltr'><strong><em>δὲ</em></strong></span> <span class='ocrx_word' id='word_1_24' title='bbox 759 740 865 810; x_wconf 81' lang='grc' dir='ltr'><strong><em>πολλὰ</em></strong></span> <span class='ocrx_word' id='word_1_25' title='bbox 891 743 946 810; x_wconf 78' lang='grc' dir='ltr'><strong><em>καὶ</em></strong></span> <span class='ocrx_word' id='word_1_26' title='bbox 975 762 1134 828; x_wconf 90' lang='grc' dir='ltr'><strong><em>στρατιω-</em></strong></span> 
     </span>
     <span class='ocr_line' id='line_1_5' title="bbox 109 844 1169 937; baseline -0.004 -20"><span class='ocrx_word' id='word_1_27' title='bbox 109 848 199 935; x_wconf 85' lang='grc' dir='ltr'><strong><em>τικά,</em></strong></span> <span class='ocrx_word' id='word_1_28' title='bbox 234 854 377 937; x_wconf 87' lang='grc' dir='ltr'><strong><em>χορείαν</em></strong></span> <span class='ocrx_word' id='word_1_29' title='bbox 408 844 471 936; x_wconf 79' lang='grc' dir='ltr'><strong><em>τὴν</em></strong></span> <span class='ocrx_word' id='word_1_30' title='bbox 503 849 540 916; x_wconf 85' lang='grc' dir='ltr'><strong><em>έν</em></strong></span> <span class='ocrx_word' id='word_1_31' title='bbox 570 862 641 928; x_wconf 84' lang='grc' dir='ltr'><strong><em>τοῖς</em></strong></span> <span class='ocrx_word' id='word_1_32' title='bbox 672 844 801 928; x_wconf 77' lang='grc' dir='ltr'><em>ὅπλοις,</em></span> <span class='ocrx_word' id='word_1_33' title='bbox 839 847 967 936; x_wconf 84' lang='grc' dir='ltr'><strong><em>ὁρόμον</em></strong></span> <span class='ocrx_word' id='word_1_34' title='bbox 1004 846 1065 916; x_wconf 87' lang='grc' dir='ltr'><strong><em>τὸν</em></strong></span> <span class='ocrx_word' id='word_1_35' title='bbox 1098 849 1169 914; x_wconf 73' lang='grc' dir='ltr'><strong><em>ένέ</em></strong></span> 
     </span>
     <span class='ocr_line' id='line_1_6' title="bbox 89 948 1136 1041; baseline 0.001 -22"><span class='ocrx_word' id='word_1_36' title='bbox 89 955 258 1040; x_wconf 84' lang='grc' dir='ltr'><strong><em>ιτούτοις,</em></strong></span> <span class='ocrx_word' id='word_1_37' title='bbox 287 951 351 1041; x_wconf 83' lang='grc' dir='ltr'><strong><em>τὴν</em></strong></span> <span class='ocrx_word' id='word_1_38' title='bbox 381 951 519 1041; x_wconf 75' lang='grc' dir='ltr'><strong><em>ἱππικὴν</em></strong></span> <span class='ocrx_word' id='word_1_39' title='bbox 545 955 675 1041; x_wconf 84' lang='grc' dir='ltr'><strong><em>τέχνην,</em></strong></span> <span class='ocrx_word' id='word_1_40' title='bbox 704 948 754 1034; x_wconf 80' lang='grc' dir='ltr'><strong><em>οἷς</em></strong></span> <span class='ocrx_word' id='word_1_41' title='bbox 782 950 884 1021; x_wconf 82' lang='grc' dir='ltr'><strong><em>άπασι</em></strong></span> <span class='ocrx_word' id='word_1_42' title='bbox 914 957 1136 1033; x_wconf 71' lang='grc' dir='ltr'><em>διατετέλεκας</em></span> 
     </span>
     <span class='ocr_line' id='line_1_7' title="bbox 117 1050 1137 1151; baseline -0.004 -22"><span class='ocrx_word' id='word_1_43' title='bbox 117 1050 150 1143; x_wconf 58' lang='lat' dir='ltr'><strong><em>{E</em></strong></span> <span class='ocrx_word' id='word_1_44' title='bbox 175 1058 282 1150; x_wconf 79' lang='grc' dir='ltr'><strong><em>ἀρχῆς</em></strong></span> <span class='ocrx_word' id='word_1_45' title='bbox 310 1063 348 1129; x_wconf 81' lang='grc' dir='ltr'><strong><em>ἐν</em></strong></span> <span class='ocrx_word' id='word_1_46' title='bbox 375 1064 480 1151; x_wconf 77' lang='grc' dir='ltr'><strong><em>καιρῷ</em></strong></span> <span class='ocrx_word' id='word_1_47' title='bbox 508 1060 690 1150; x_wconf 79' lang='grc' dir='ltr'><strong><em>χριόμενος·</em></strong></span> <span class='ocrx_word' id='word_1_48' title='bbox 717 1061 772 1128; x_wconf 80' lang='grc' dir='ltr'><strong><em>καὶ</em></strong></span> <span class='ocrx_word' id='word_1_49' title='bbox 801 1058 1019 1146; x_wconf 76' lang='grc' dir='ltr'><strong><em>κατώρθωται</em></strong></span> <span class='ocrx_word' id='word_1_50' title='bbox 1046 1056 1137 1145; x_wconf 83' lang='grc' dir='ltr'><strong><em>παρὰ</em></strong></span> 
     </span>
     <span class='ocr_line' id='line_1_8' title="bbox 119 1161 1137 1254; baseline -0.003 -18"><span class='ocrx_word' id='word_1_51' title='bbox 119 1169 169 1238; x_wconf 80' lang='grc' dir='ltr'><strong><em>σοὶ</em></strong></span> <span class='ocrx_word' id='word_1_52' title='bbox 187 1167 324 1235; x_wconf 88' lang='grc' dir='ltr'><strong><em>τούτων</em></strong></span> <span class='ocrx_word' id='word_1_53' title='bbox 342 1169 483 1235; x_wconf 81' lang='grc' dir='ltr'><strong><em>ἕκαστον</em></strong></span> <span class='ocrx_word' id='word_1_54' title='bbox 511 1162 556 1248; x_wconf 89' lang='grc' dir='ltr'><strong><em>ῶς</em></strong></span> <span class='ocrx_word' id='word_1_55' title='bbox 573 1163 652 1254; x_wconf 85' lang='grc' dir='ltr'><strong><em>παρ’</em></strong></span> <span class='ocrx_word' id='word_1_56' title='bbox 684 1163 797 1234; x_wconf 80' lang='grc' dir='ltr'><strong><em>υύὸενὶ</em></strong></span> <span class='ocrx_word' id='word_1_57' title='bbox 818 1169 886 1234; x_wconf 90' lang='grc' dir='ltr'><strong><em>τῶν</em></strong></span> <span class='ocrx_word' id='word_1_58' title='bbox 914 1163 1024 1234; x_wconf 86' lang='grc' dir='ltr'><strong><em>άλλων</em></strong></span> <span class='ocrx_word' id='word_1_59' title='bbox 1045 1161 1137 1233; x_wconf 83' lang='grc' dir='ltr'><strong><em>ὁπλι-</em></strong></span> 
     </span>
     <span class='ocr_line' id='line_1_9' title="bbox 118 1268 1137 1361; baseline -0.004 -18"><span class='ocrx_word' id='word_1_60' title='bbox 118 1276 195 1343; x_wconf 91' lang='grc' dir='ltr'><strong><em>τῶν.</em></strong></span> <span class='ocrx_word' id='word_1_61' title='bbox 243 1269 373 1342; x_wconf 86' lang='grc' dir='ltr'><strong><em>ούκούν</em></strong></span> <span class='ocrx_word' id='word_1_62' title='bbox 400 1269 417 1342; x_wconf 89' lang='grc' dir='ltr'><strong><em>ὁ</em></strong></span> <span class='ocrx_word' id='word_1_63' title='bbox 447 1275 508 1361; x_wconf 85' lang='grc' dir='ltr'><strong><em>μέν</em></strong></span> <span class='ocrx_word' id='word_1_64' title='bbox 535 1301 584 1353; x_wconf 89' lang='grc' dir='ltr'><strong><em>τις</em></strong></span> <span class='ocrx_word' id='word_1_65' title='bbox 611 1275 763 1359; x_wconf 81' lang='grc' dir='ltr'><strong><em>ἐκείνων,</em></strong></span> <span class='ocrx_word' id='word_1_66' title='bbox 795 1271 889 1354; x_wconf 84' lang='grc' dir='ltr'><strong><em>πεζὸς</em></strong></span> <span class='ocrx_word' id='word_1_67' title='bbox 917 1268 965 1340; x_wconf 90' lang='grc' dir='ltr'><strong><em>ῶν</em></strong></span> <span class='ocrx_word' id='word_1_68' title='bbox 998 1269 1137 1357; x_wconf 78' lang='grc' dir='ltr'><strong><em>ἀγαθός,</em></strong></span> 
     </span>
     <span class='ocr_line' id='line_1_10' title="bbox 119 1376 1139 1468; baseline -0.003 -20"><span class='ocrx_word' id='word_1_69' title='bbox 119 1377 181 1468; x_wconf 76' lang='grc' dir='ltr'><strong><em>τὴν</em></strong></span> <span class='ocrx_word' id='word_1_70' title='bbox 220 1377 361 1467; x_wconf 81' lang='grc' dir='ltr'><strong><em>ἱππικὴν</em></strong></span> <span class='ocrx_word' id='word_1_71' title='bbox 397 1381 517 1468; x_wconf 89' lang='grc' dir='ltr'><strong><em>τέχνην</em></strong></span> <span class='ocrx_word' id='word_1_72' title='bbox 558 1376 740 1467; x_wconf 80' lang='grc' dir='ltr'><strong><em>ἠγνόησεν,</em></strong></span> <span class='ocrx_word' id='word_1_73' title='bbox 778 1376 795 1446; x_wconf 89' lang='grc' dir='ltr'><strong><em>ὁ</em></strong></span> <span class='ocrx_word' id='word_1_74' title='bbox 834 1381 886 1463; x_wconf 79' lang='grc' dir='ltr'><strong><em>δέ,</em></strong></span> <span class='ocrx_word' id='word_1_75' title='bbox 923 1378 1139 1466; x_wconf 81' lang='grc' dir='ltr'><strong><em>ἐπιστάμενος</em></strong></span> 
     </span>
     <span class='ocr_line' id='line_1_11' title="bbox 86 1482 1137 1575; baseline -0.004 -20"><span class='ocrx_word' id='word_1_76' title='bbox 86 1489 271 1575; x_wconf 75' lang='grc' dir='ltr'><strong><em>ινχρησθαι</em></strong></span> <span class='ocrx_word' id='word_1_77' title='bbox 299 1500 369 1566; x_wconf 87' lang='grc' dir='ltr'><strong><em>τοῖς</em></strong></span> <span class='ocrx_word' id='word_1_78' title='bbox 398 1490 558 1573; x_wconf 77' lang='grc' dir='ltr'><strong><em>ἱππικοῖς,</em></strong></span> <span class='ocrx_word' id='word_1_79' title='bbox 590 1482 685 1554; x_wconf 87' lang='grc' dir='ltr'><strong><em>ὀκνεῖ</em></strong></span> <span class='ocrx_word' id='word_1_80' title='bbox 709 1485 804 1567; x_wconf 81' lang='grc' dir='ltr'><strong><em>πεζός</em></strong></span> <span class='ocrx_word' id='word_1_81' title='bbox 831 1490 878 1565; x_wconf 88' lang='grc' dir='ltr'><strong><em>είς</em></strong></span> <span class='ocrx_word' id='word_1_82' title='bbox 905 1485 1014 1573; x_wconf 83' lang='grc' dir='ltr'><strong><em>μάχην</em></strong></span> <span class='ocrx_word' id='word_1_83' title='bbox 1043 1488 1137 1553; x_wconf 83' lang='grc' dir='ltr'><strong><em>ίέναι.</em></strong></span> 
     </span>
     <span class='ocr_line' id='line_1_12' title="bbox 118 1588 1138 1683; baseline -0.004 -22"><span class='ocrx_word' id='word_1_84' title='bbox 118 1593 217 1683; x_wconf 80' lang='grc' dir='ltr'><strong><em>μόνῳ</em></strong></span> <span class='ocrx_word' id='word_1_85' title='bbox 245 1590 283 1660; x_wconf 72' lang='grc' dir='ltr'><strong><em>δὲ</em></strong></span> <span class='ocrx_word' id='word_1_86' title='bbox 311 1588 452 1682; x_wconf 80' lang='grc' dir='ltr'><strong><em>ὑπάρχει</em></strong></span> <span class='ocrx_word' id='word_1_87' title='bbox 480 1594 534 1660; x_wconf 82' lang='grc' dir='ltr'><strong><em>σοὶ</em></strong></span> <span class='ocrx_word' id='word_1_88' title='bbox 561 1595 629 1660; x_wconf 90' lang='grc' dir='ltr'><strong><em>τῶν</em></strong></span> <span class='ocrx_word' id='word_1_89' title='bbox 656 1591 718 1679; x_wconf 71' lang='grc' dir='ltr'><strong><em>μέν</em></strong></span> <span class='ocrx_word' id='word_1_90' title='bbox 752 1594 879 1660; x_wconf 76' lang='grc' dir='ltr'><strong><em>ἱππέων</em></strong></span> <span class='ocrx_word' id='word_1_91' title='bbox 907 1589 1031 1681; x_wconf 79' lang='grc' dir='ltr'><strong><em>ἀρίστῳ</em></strong></span> <span class='ocrx_word' id='word_1_92' title='bbox 1061 1594 1138 1677; x_wconf 85' lang='grc' dir='ltr'><strong><em>φαί-</em></strong></span> 
     </span>
     <span class='ocr_line' id='line_1_13' title="bbox 119 1699 1169 1787; baseline -0.004 -19"><span class='ocrx_word' id='word_1_93' title='bbox 119 1709 246 1768; x_wconf 82' lang='grc' dir='ltr'><strong><em>νεσθαι</em></strong></span> <span class='ocrx_word' id='word_1_94' title='bbox 272 1704 510 1787; x_wconf 78' lang='grc' dir='ltr'><strong><em>παραπλησίως</em></strong></span> <span class='ocrx_word' id='word_1_95' title='bbox 537 1701 676 1779; x_wconf 77' lang='grc' dir='ltr'><strong><em>ἐκείνοις</em></strong></span> <span class='ocrx_word' id='word_1_96' title='bbox 703 1699 868 1785; x_wconf 85' lang='grc' dir='ltr'><strong><em>σταλέντι,</em></strong></span> <span class='ocrx_word' id='word_1_97' title='bbox 896 1700 1169 1785; x_wconf 69' lang='grc' dir='ltr'><strong><em>μετασκευασά(</em></strong></span> 
     </span>
     <span class='ocr_line' id='line_1_14' title="bbox 121 1800 1141 1895; baseline -0.003 -21"><span class='ocrx_word' id='word_1_98' title='bbox 121 1806 215 1895; x_wconf 80' lang='grc' dir='ltr'><strong><em>μένῳ</em></strong></span> <span class='ocrx_word' id='word_1_99' title='bbox 243 1803 280 1872; x_wconf 63' lang='grc' dir='ltr'><strong><em>δὲ</em></strong></span> <span class='ocrx_word' id='word_1_100' title='bbox 299 1807 332 1886; x_wconf 88' lang='grc' dir='ltr'><strong><em>ές</em></strong></span> <span class='ocrx_word' id='word_1_101' title='bbox 360 1803 440 1885; x_wconf 77' lang='grc' dir='ltr'><strong><em>τοὺς</em></strong></span> <span class='ocrx_word' id='word_1_102' title='bbox 467 1800 603 1886; x_wconf 79' lang='grc' dir='ltr'><strong><em>ὁπλίτας</em></strong></span> <span class='ocrx_word' id='word_1_103' title='bbox 620 1820 754 1892; x_wconf 82' lang='grc' dir='ltr'><strong><em>κρατεῖν</em></strong></span> <span class='ocrx_word' id='word_1_104' title='bbox 782 1800 940 1872; x_wconf 81' lang='grc' dir='ltr'><strong><em>ἁπάντων</em></strong></span> <span class='ocrx_word' id='word_1_105' title='bbox 968 1803 1141 1891; x_wconf 80' lang='grc' dir='ltr'><strong><em>ῥύμη-καὶ</em></strong></span> 
     </span>
     <span class='ocr_line' id='line_1_15' title="bbox 122 1907 1140 2041; baseline -0.002 -62"><span class='ocrx_word' id='word_1_106' title='bbox 122 1911 217 2041; x_wconf 73' lang='grc' dir='ltr'><strong><em>τάχει</em></strong></span> <span class='ocrx_word' id='word_1_107' title='bbox 248 1913 304 1979; x_wconf 82' lang='grc' dir='ltr'><strong><em>καὶ</em></strong></span> <span class='ocrx_word' id='word_1_108' title='bbox 340 1914 380 2001; x_wconf 75' lang='grc' dir='ltr'><strong><em>τῇ</em></strong></span> <span class='ocrx_word' id='word_1_109' title='bbox 411 1914 480 1979; x_wconf 90' lang='grc' dir='ltr'><strong><em>τῶν</em></strong></span> <span class='ocrx_word' id='word_1_110' title='bbox 515 1914 632 1981; x_wconf 80' lang='grc' dir='ltr'><strong><em>ποδῶν</em></strong></span> <span class='ocrx_word' id='word_1_111' title='bbox 668 1911 860 1997; x_wconf 85' lang='grc' dir='ltr'><strong><em>κουφότητι.</em></strong></span> <span class='ocrx_word' id='word_1_112' title='bbox 906 1908 995 1991; x_wconf 83' lang='grc' dir='ltr'><strong><em>ὅπως</em></strong></span> <span class='ocrx_word' id='word_1_113' title='bbox 1027 1910 1064 1978; x_wconf 68' lang='grc' dir='ltr'><strong><em>ὁὸ</em></strong></span> <span class='ocrx_word' id='word_1_114' title='bbox 1096 1907 1140 1997; x_wconf 78' lang='grc' dir='ltr'><strong><em>μὴ</em></strong></span> 
     </span>
     <span class='ocr_line' id='line_1_16' title="bbox 88 2014 1142 2108; baseline 0 -25"><span class='ocrx_word' id='word_1_115' title='bbox 88 2016 184 2099; x_wconf 78' lang='grc' dir='ltr'><strong><em>υτὸις</em></strong></span> <span class='ocrx_word' id='word_1_116' title='bbox 217 2014 347 2098; x_wconf 78' lang='grc' dir='ltr'><strong><em>ἀνέσεις</em></strong></span> <span class='ocrx_word' id='word_1_117' title='bbox 379 2016 619 2108; x_wconf 78' lang='grc' dir='ltr'><strong><em>ῥαθύμους</em></strong></span> <span class='ocrx_word' id='word_1_118' title='bbox 588 2046 674 2087; x_wconf 85' lang='grc' dir='ltr'><strong><em>ειναι</em></strong></span> <span class='ocrx_word' id='word_1_119' title='bbox 707 2014 785 2105; x_wconf 79' lang='grc' dir='ltr'><strong><em>μηδ’</em></strong></span> <span class='ocrx_word' id='word_1_120' title='bbox 817 2016 899 2086; x_wconf 84' lang='grc' dir='ltr'><strong><em>άνευ</em></strong></span> <span class='ocrx_word' id='word_1_121' title='bbox 931 2019 1000 2085; x_wconf 90' lang='grc' dir='ltr'><strong><em>τῶν</em></strong></span> <span class='ocrx_word' id='word_1_122' title='bbox 1028 2014 1142 2084; x_wconf 80' lang='grc' dir='ltr'><strong><em>ὅπλων</em></strong></span> 
     </span>
     <span class='ocr_line' id='line_1_17' title="bbox 124 2120 1141 2249; baseline -0.003 -56"><span class='ocrx_word' id='word_1_123' title='bbox 124 2134 297 2193; x_wconf 78' lang='grc' dir='ltr'><strong><em>ποιεῖσθαι</em></strong></span> <span class='ocrx_word' id='word_1_124' title='bbox 325 2126 550 2212; x_wconf 84' lang='grc' dir='ltr'><strong><em>συμβαίνη,έ</em></strong></span> <span class='ocrx_word' id='word_1_125' title='bbox 550 2131 695 2193; x_wconf 87' lang='grc' dir='ltr'><strong><em>πίσκοπα</em></strong></span> <span class='ocrx_word' id='word_1_126' title='bbox 717 2120 907 2205; x_wconf 82' lang='grc' dir='ltr'><strong><em>τοξεύειν</em></strong></span> <span class='ocrx_word' id='word_1_127' title='bbox 892 2122 1049 2249; x_wconf 76' lang='grc' dir='ltr'><strong><em>η’σκησμς.</em></strong></span> <span class='ocrx_word' id='word_1_128' title='bbox 1085 2124 1141 2191; x_wconf 80' lang='grc' dir='ltr'><strong><em>καί</em></strong></span> 
     </span>
     <span class='ocr_line' id='line_1_18' title="bbox 125 2226 1143 2318; baseline -0.001 -20"><span class='ocrx_word' id='word_1_129' title='bbox 125 2228 163 2301; x_wconf 87' lang='grc' dir='ltr'><strong><em>τὸ</em></strong></span> <span class='ocrx_word' id='word_1_130' title='bbox 195 2257 258 2318; x_wconf 88' lang='grc' dir='ltr'><strong><em>μεν</em></strong></span> <span class='ocrx_word' id='word_1_131' title='bbox 290 2233 385 2318; x_wconf 89' lang='grc' dir='ltr'><strong><em>σῶμα</em></strong></span> <span class='ocrx_word' id='word_1_132' title='bbox 419 2228 475 2299; x_wconf 76' lang='grc' dir='ltr'><strong><em>διὰ</em></strong></span> <span class='ocrx_word' id='word_1_133' title='bbox 506 2234 574 2300; x_wconf 86' lang='grc' dir='ltr'><strong><em>τῶν</em></strong></span> <span class='ocrx_word' id='word_1_134' title='bbox 606 2234 770 2299; x_wconf 86' lang='grc' dir='ltr'><strong><em>ἑκουσίων</em></strong></span> <span class='ocrx_word' id='word_1_135' title='bbox 801 2231 917 2299; x_wconf 86' lang='grc' dir='ltr'><strong><em>πόνων</em></strong></span> <span class='ocrx_word' id='word_1_136' title='bbox 949 2227 1032 2317; x_wconf 85' lang='grc' dir='ltr'><strong><em>πρὸς</em></strong></span> <span class='ocrx_word' id='word_1_137' title='bbox 1063 2226 1143 2309; x_wconf 85' lang='grc' dir='ltr'><strong><em>τοὺς</em></strong></span> 
     </span>
     <span class='ocr_line' id='line_1_19' title="bbox 74 2329 1142 2428; baseline -0.002 -23"><span class='ocrx_word' id='word_1_138' title='bbox 74 2350 76 2355; x_wconf 86' lang='grc'><strong>’</strong></span> <span class='ocrx_word' id='word_1_139' title='bbox 129 2334 311 2418; x_wconf 87' lang='grc' dir='ltr'><strong><em>ιἰκονσίονς</em></strong></span> <span class='ocrx_word' id='word_1_140' title='bbox 339 2329 482 2425; x_wconf 84' lang='grc' dir='ltr'><strong><em>εύ-έχειν</em></strong></span> <span class='ocrx_word' id='word_1_141' title='bbox 499 2337 758 2428; x_wconf 81' lang='grc' dir='ltr'><strong><em>παρεσκεύασας,</em></strong></span> <span class='ocrx_word' id='word_1_142' title='bbox 786 2340 825 2426; x_wconf 78' lang='grc' dir='ltr'><strong><em>τῇ</em></strong></span> <span class='ocrx_word' id='word_1_143' title='bbox 848 2338 938 2423; x_wconf 71' lang='grc' dir='ltr'><strong><em>ψυχῇ</em></strong></span> <span class='ocrx_word' id='word_1_144' title='bbox 966 2336 1003 2403; x_wconf 68' lang='grc' dir='ltr'><strong><em>ὁὸ</em></strong></span> <span class='ocrx_word' id='word_1_145' title='bbox 1033 2331 1142 2421; x_wconf 82' lang='grc' dir='ltr'><strong><em>ἡγεῖτο</em></strong></span> 
     </span>
     <span class='ocr_line' id='line_1_20' title="bbox 129 2439 1144 2531; baseline -0.006 -19"><span class='ocrx_word' id='word_1_146' title='bbox 129 2442 188 2531; x_wconf 68' lang='grc' dir='ltr'><strong><em>μέν</em></strong></span> <span class='ocrx_word' id='word_1_147' title='bbox 219 2439 241 2531; x_wconf 79' lang='grc' dir='ltr'><em>ἡ</em></span> <span class='ocrx_word' id='word_1_148' title='bbox 272 2446 341 2511; x_wconf 86' lang='grc' dir='ltr'><strong><em>τῶν</em></strong></span> <span class='ocrx_word' id='word_1_149' title='bbox 373 2443 484 2529; x_wconf 89' lang='grc' dir='ltr'><strong><em>λόγων</em></strong></span> <span class='ocrx_word' id='word_1_150' title='bbox 514 2445 629 2531; x_wconf 80' lang='grc' dir='ltr'><strong><em>μελέτη</em></strong></span> <span class='ocrx_word' id='word_1_151' title='bbox 667 2446 721 2511; x_wconf 79' lang='grc' dir='ltr'><strong><em>καὶ</em></strong></span> <span class='ocrx_word' id='word_1_152' title='bbox 754 2442 795 2511; x_wconf 86' lang='grc' dir='ltr'><strong><em>τὸι</em></strong></span> <span class='ocrx_word' id='word_1_153' title='bbox 831 2441 1042 2528; x_wconf 86' lang='grc' dir='ltr'><strong><em>προσήκοντα</em></strong></span> <span class='ocrx_word' id='word_1_154' title='bbox 1074 2454 1144 2521; x_wconf 82' lang='grc' dir='ltr'><strong><em>τοῖς</em></strong></span> 
     </span>
     <span class='ocr_line' id='line_1_21' title="bbox 74 2543 1169 2643; baseline -0.005 -25"><span class='ocrx_word' id='word_1_155' title='bbox 74 2548 337 2643; x_wconf 74' lang='grc' dir='ltr'><strong><em>;υτηλικούτοις</em></strong></span> <span class='ocrx_word' id='word_1_156' title='bbox 364 2550 553 2639; x_wconf 80' lang='grc' dir='ltr'><strong><em>μαθήματα.</em></strong></span> <span class='ocrx_word' id='word_1_157' title='bbox 591 2547 680 2630; x_wconf 84' lang='grc' dir='ltr'><strong><em>ὁπως</em></strong></span> <span class='ocrx_word' id='word_1_158' title='bbox 702 2550 739 2619; x_wconf 81' lang='grc' dir='ltr'><strong><em>ὁὲ</em></strong></span> <span class='ocrx_word' id='word_1_159' title='bbox 758 2547 802 2637; x_wconf 79' lang='grc' dir='ltr'><strong><em>μὴ</em></strong></span> <span class='ocrx_word' id='word_1_160' title='bbox 830 2547 1043 2616; x_wconf 85' lang='grc' dir='ltr'><strong><em>παντάπασιν</em></strong></span> <span class='ocrx_word' id='word_1_161' title='bbox 1061 2543 1142 2632; x_wconf 86' lang='grc' dir='ltr'><strong><em>άγύ-</em></strong></span> <span class='ocrx_word' id='word_1_162' title='bbox 1162 2552 1169 2607; x_wconf 86' lang='lat'>1</span> 
     </span>
     <span class='ocr_line' id='line_1_22' title="bbox 130 2647 1145 2747; baseline -0.003 -22"><span class='ocrx_word' id='word_1_163' title='bbox 130 2676 274 2743; x_wconf 87' lang='grc' dir='ltr'><strong><em>μναστος</em></strong></span> <span class='ocrx_word' id='word_1_164' title='bbox 302 2647 322 2746; x_wconf 79' lang='grc' dir='ltr'><em>ᾗ</em></span> <span class='ocrx_word' id='word_1_165' title='bbox 355 2656 439 2744; x_wconf 73' lang='grc' dir='ltr'><strong><em>μηδὲ</em></strong></span> <span class='ocrx_word' id='word_1_166' title='bbox 470 2656 622 2746; x_wconf 78' lang='grc' dir='ltr'><strong><em>καθάπερ</em></strong></span> <span class='ocrx_word' id='word_1_167' title='bbox 655 2654 785 2747; x_wconf 76' lang='grc' dir='ltr'><strong><em>ᾅσματα</em></strong></span> <span class='ocrx_word' id='word_1_168' title='bbox 818 2656 872 2724; x_wconf 86' lang='grc' dir='ltr'><strong><em>καὶ</em></strong></span> <span class='ocrx_word' id='word_1_169' title='bbox 905 2654 1039 2742; x_wconf 75' lang='grc' dir='ltr'><strong><em>μύθους</em></strong></span> <span class='ocrx_word' id='word_1_170' title='bbox 1065 2650 1145 2735; x_wconf 85' lang='grc' dir='ltr'><strong><em>τοὺς</em></strong></span> 
     </span>
     <span class='ocr_line' id='line_1_23' title="bbox 130 2758 1145 2853; baseline -0.003 -22"><span class='ocrx_word' id='word_1_171' title='bbox 130 2758 212 2853; x_wconf 77' lang='grc' dir='ltr'><strong><em>ύπλρ</em></strong></span> <span class='ocrx_word' id='word_1_172' title='bbox 240 2764 308 2831; x_wconf 85' lang='grc' dir='ltr'><strong><em>τῶν</em></strong></span> <span class='ocrx_word' id='word_1_173' title='bbox 337 2759 463 2852; x_wconf 86' lang='grc' dir='ltr'><strong><em>άρετῶν</em></strong></span> <span class='ocrx_word' id='word_1_174' title='bbox 482 2763 627 2851; x_wconf 84' lang='grc' dir='ltr'><strong><em>έπακούη</em></strong></span> <span class='ocrx_word' id='word_1_175' title='bbox 646 2762 779 2849; x_wconf 84' lang='grc' dir='ltr'><strong><em>λόγους,</em></strong></span> <span class='ocrx_word' id='word_1_176' title='bbox 807 2767 915 2852; x_wconf 78' lang='grc' dir='ltr'><strong><em>ἔργων</em></strong></span> <span class='ocrx_word' id='word_1_177' title='bbox 939 2759 975 2829; x_wconf 70' lang='grc' dir='ltr'><strong><em>δὲ</em></strong></span> <span class='ocrx_word' id='word_1_178' title='bbox 1003 2758 1145 2848; x_wconf 77' lang='grc' dir='ltr'><strong><em>άγαθῶν</em></strong></span> 
     </span>
     <span class='ocr_line' id='line_1_24' title="bbox 130 2861 1145 2960; baseline -0.003 -23"><span class='ocrx_word' id='word_1_179' title='bbox 130 2871 183 2937; x_wconf 83' lang='grc' dir='ltr'><strong><em>καὶ</em></strong></span> <span class='ocrx_word' id='word_1_180' title='bbox 215 2869 370 2960; x_wconf 80' lang='grc' dir='ltr'><strong><em>πράξεων</em></strong></span> <span class='ocrx_word' id='word_1_181' title='bbox 408 2868 543 2960; x_wconf 84' lang='grc' dir='ltr'><strong><em>άτειρος</em></strong></span> <span class='ocrx_word' id='word_1_182' title='bbox 579 2861 665 2938; x_wconf 86' lang='grc' dir='ltr'><strong><em>ούσα</em></strong></span> <span class='ocrx_word' id='word_1_183' title='bbox 697 2868 757 2937; x_wconf 86' lang='grc' dir='ltr'><strong><em>τὸν</em></strong></span> <span class='ocrx_word' id='word_1_184' title='bbox 790 2872 954 2937; x_wconf 77' lang='grc' dir='ltr'><strong><em>τοσοῦτον</em></strong></span> <span class='ocrx_word' id='word_1_185' title='bbox 992 2871 1145 2956; x_wconf 78' lang='grc' dir='ltr'><strong><em>διαμείνῃ</em></strong></span> 
     </span>
     <span class='ocr_line' id='line_1_25' title="bbox 84 2972 1146 3066; baseline -0.003 -21"><span class='ocrx_word' id='word_1_186' title='bbox 84 2992 88 2999; x_wconf 90' lang='grc'><strong>’</strong></span> <span class='ocrx_word' id='word_1_187' title='bbox 131 2975 269 3065; x_wconf 84' lang='grc' dir='ltr'><strong><em>χρόνον,</em></strong></span> <span class='ocrx_word' id='word_1_188' title='bbox 302 2976 454 3066; x_wconf 83' lang='grc' dir='ltr'><strong><em>καθάπερ</em></strong></span> <span class='ocrx_word' id='word_1_189' title='bbox 484 2972 501 3045; x_wconf 91' lang='grc' dir='ltr'><strong><em>ὁ</em></strong></span> <span class='ocrx_word' id='word_1_190' title='bbox 534 2991 688 3062; x_wconf 81' lang='grc' dir='ltr'><strong><em>γενναῖος</em></strong></span> <span class='ocrx_word' id='word_1_191' title='bbox 720 2972 838 3063; x_wconf 79' lang='grc' dir='ltr'><strong><em>ἠξίωσε</em></strong></span> <span class='ocrx_word' id='word_1_192' title='bbox 866 2974 1008 3042; x_wconf 82' lang='grc' dir='ltr'><strong><em>Πλάτων</em></strong></span> <span class='ocrx_word' id='word_1_193' title='bbox 1041 2974 1146 3043; x_wconf 79' lang='grc' dir='ltr'><strong><em>οίονεὶ</em></strong></span> 
     </span>
     <span class='ocr_line' id='line_1_26' title="bbox 101 3077 1147 3212; baseline 0.003 -67"><span class='ocrx_word' id='word_1_194' title='bbox 101 3080 231 3212; x_wconf 75' lang='grc' dir='ltr'><strong><em>ωπτερὸι</em></strong></span> <span class='ocrx_word' id='word_1_195' title='bbox 263 3095 335 3162; x_wconf 85' lang='grc' dir='ltr'><strong><em>τοῖς</em></strong></span> <span class='ocrx_word' id='word_1_196' title='bbox 366 3084 460 3151; x_wconf 85' lang='grc' dir='ltr'><strong><em>παισὶ</em></strong></span> <span class='ocrx_word' id='word_1_197' title='bbox 491 3082 709 3172; x_wconf 79' lang='grc' dir='ltr'><strong><em>χαριζόμενον</em></strong></span> <span class='ocrx_word' id='word_1_198' title='bbox 740 3082 797 3150; x_wconf 84' lang='grc' dir='ltr'><strong><em>καὶ</em></strong></span> <span class='ocrx_word' id='word_1_199' title='bbox 830 3083 882 3149; x_wconf 81' lang='grc' dir='ltr'><strong><em>ἐπὶ</em></strong></span> <span class='ocrx_word' id='word_1_200' title='bbox 913 3077 992 3161; x_wconf 81' lang='grc' dir='ltr'><strong><em>τοὺς</em></strong></span> <span class='ocrx_word' id='word_1_201' title='bbox 1024 3085 1147 3162; x_wconf 77' lang='grc' dir='ltr'><strong><em>ἵππους</em></strong></span> 
     </span>
     <span class='ocr_line' id='line_1_27' title="bbox 74 3178 1147 3277; baseline -0.002 -21"><span class='ocrx_word' id='word_1_202' title='bbox 74 3192 76 3229; x_wconf 77' lang='lat'><em>²</em></span> <span class='ocrx_word' id='word_1_203' title='bbox 134 3184 302 3276; x_wconf 75' lang='grc' dir='ltr'><strong><em>ἀνάγοντα</em></strong></span> <span class='ocrx_word' id='word_1_204' title='bbox 330 3185 424 3275; x_wconf 88' lang='grc' dir='ltr'><strong><em>άγειν</em></strong></span> <span class='ocrx_word' id='word_1_205' title='bbox 451 3195 499 3270; x_wconf 92' lang='grc' dir='ltr'><strong><em>είς</em></strong></span> <span class='ocrx_word' id='word_1_206' title='bbox 525 3187 584 3270; x_wconf 85' lang='grc' dir='ltr'><strong><em>τὸις</em></strong></span> <span class='ocrx_word' id='word_1_207' title='bbox 602 3188 717 3277; x_wconf 83' lang='grc' dir='ltr'><strong><em>μάχας,</em></strong></span> <span class='ocrx_word' id='word_1_208' title='bbox 743 3186 867 3269; x_wconf 77' lang='grc' dir='ltr'><strong><em>θεατάς</em></strong></span> <span class='ocrx_word' id='word_1_209' title='bbox 895 3178 1125 3275; x_wconf 83' lang='grc' dir='ltr'><strong><em>ἐσομένους</em></strong></span> <span class='ocrx_word' id='word_1_210' title='bbox 1099 3214 1147 3255; x_wconf 91' lang='grc' dir='ltr'><strong><em>ων</em></strong></span> 
     </span>
    </p>
   </div>
   <div class='ocr_carea' id='block_1_3' title="bbox 78 3315 1148 3953">
    <p class='ocr_par' dir='ltr' id='par_1_3' title="bbox 197 3315 1147 3403">
     <span class='ocr_line' id='line_1_28' title="bbox 197 3315 1147 3403; baseline -0.007 -28"><span class='ocrx_word' id='word_1_211' title='bbox 197 3327 214 3375; x_wconf 79' lang='grc'><strong>3</strong></span> <span class='ocrx_word' id='word_1_212' title='bbox 238 3318 317 3376; x_wconf 81' lang='grc' dir='ltr'><strong><em>εἶναι</em></strong></span> <span class='ocrx_word' id='word_1_213' title='bbox 335 3319 368 3375; x_wconf 71' lang='grc' dir='ltr'><strong><em>δὲ</em></strong></span> <span class='ocrx_word' id='word_1_214' title='bbox 387 3324 498 3376; x_wconf 84' lang='lat' dir='ltr'>delebat</span> <span class='ocrx_word' id='word_1_215' title='bbox 515 3324 601 3403; x_wconf 79' lang='lat' dir='ltr'><strong>Wytt.</strong></span> <span class='ocrx_word' id='word_1_216' title='bbox 671 3328 686 3376; x_wconf 83' lang='grc'><strong>6</strong></span> <span class='ocrx_word' id='word_1_217' title='bbox 709 3315 781 3387; x_wconf 80' lang='grc' dir='ltr'><strong><em>έξ’</em></strong></span> <span class='ocrx_word' id='word_1_218' title='bbox 762 3319 852 3403; x_wconf 82' lang='grc' dir='ltr'><strong><em>αρχῆς</em></strong></span> <span class='ocrx_word' id='word_1_219' title='bbox 874 3325 904 3373; x_wconf 90' lang='lat' dir='ltr'><strong><em>in</em></strong></span> <span class='ocrx_word' id='word_1_220' title='bbox 921 3325 945 3374; x_wconf 92' lang='lat' dir='ltr'>V</span> <span class='ocrx_word' id='word_1_221' title='bbox 968 3340 1019 3397; x_wconf 87' lang='lat' dir='ltr'><strong><em>pr.</em></strong></span> <span class='ocrx_word' id='word_1_222' title='bbox 1027 3338 1062 3372; x_wconf 90' lang='lat' dir='ltr'><strong>m</strong></span> <span class='ocrx_word' id='word_1_223' title='bbox 1083 3320 1147 3375; x_wconf 85' lang='lat' dir='ltr'><strong><em>add</em></strong></span> 
     </span>
    </p>

    <p class='ocr_par' dir='ltr' id='par_1_4' title="bbox 78 3379 1148 3944">
     <span class='ocr_line' id='line_1_29' title="bbox 78 3379 1147 3523; baseline -0.006 -80"><span class='ocrx_word' id='word_1_224' title='bbox 78 3406 91 3523; x_wconf 64' lang='grc' dir='ltr'><strong><em>ς·</em></strong></span> <span class='ocrx_word' id='word_1_225' title='bbox 135 3406 216 3510; x_wconf 74' lang='lat' dir='ltr'><strong>supra</strong></span> <span class='ocrx_word' id='word_1_226' title='bbox 227 3406 341 3443; x_wconf 83' lang='lat' dir='ltr'>versum</span> <span class='ocrx_word' id='word_1_227' title='bbox 392 3394 549 3458; x_wconf 76' lang='grc' dir='ltr'><strong><em>θολῖπαρ</em></strong></span> <span class='ocrx_word' id='word_1_228' title='bbox 551 3385 627 3443; x_wconf 85' lang='grc' dir='ltr'><strong><em>ασολ</em></strong></span> <span class='ocrx_word' id='word_1_229' title='bbox 639 3389 687 3473; x_wconf 87' lang='grc' dir='ltr'><strong><em>Μ]</em></strong></span> <span class='ocrx_word' id='word_1_230' title='bbox 699 3408 756 3457; x_wconf 87' lang='grc' dir='ltr'><strong><em>παρ</em></strong></span> <span class='ocrx_word' id='word_1_231' title='bbox 759 3388 834 3443; x_wconf 87' lang='grc' dir='ltr'><strong><em>άσοι</em></strong></span> <span class='ocrx_word' id='word_1_232' title='bbox 887 3385 1040 3442; x_wconf 77' lang='grc' dir='ltr'><strong><em>ῖολὸτων</em></strong></span> <span class='ocrx_word' id='word_1_233' title='bbox 1052 3379 1147 3438; x_wconf 86' lang='grc' dir='ltr'><strong><em>αλλων</em></strong></span> 
     </span>
     <span class='ocr_line' id='line_1_30' title="bbox 136 3410 1146 3544; baseline -0.006 -32.933"><span class='ocrx_word' id='word_1_234' title='bbox 136 3449 285 3511; x_wconf 78' lang='grc' dir='ltr'><strong><em>ίππέων</em></strong></span> <span class='ocrx_word' id='word_1_235' title='bbox 265 3476 286 3540; x_wconf 75' lang='grc' dir='ltr'><strong><em>χχ</em></strong></span> <span class='ocrx_word' id='word_1_236' title='bbox 311 3450 434 3512; x_wconf 79' lang='grc' dir='ltr'><strong><em>ὁπλιτῶν</em></strong></span> <span class='ocrx_word' id='word_1_237' title='bbox 456 3460 521 3511; x_wconf 82' lang='lat' dir='ltr'><strong>Rsk.</strong></span> <span class='ocrx_word' id='word_1_238' title='bbox 533 3410 652 3510; x_wconf 65' lang='grc' dir='ltr'><strong><em>ρΜοΙὶω</em></strong></span> <span class='ocrx_word' id='word_1_239' title='bbox 673 3410 797 3511; x_wconf 81' lang='grc' dir='ltr'><strong><em>ὁπλιτῶν</em></strong></span> <span class='ocrx_word' id='word_1_240' title='bbox 821 3474 984 3544; x_wconf 81' lang='lat' dir='ltr'>expungere</span> <span class='ocrx_word' id='word_1_241' title='bbox 1050 3449 1112 3505; x_wconf 87' lang='lat'><strong><em>10</em></strong></span> <span class='ocrx_word' id='word_1_242' title='bbox 1100 3471 1146 3506; x_wconf 85' lang='grc' dir='ltr'><strong><em>ιπ-</em></strong></span> 
     </span>
     <span class='ocr_line' id='line_1_31' title="bbox 82 3420 1148 3716; baseline -0.005 -70.995"><span class='ocrx_word' id='word_1_243' title='bbox 82 3420 369 3715; x_wconf 63' lang='grc' dir='ltr'><strong><em>λάρνακι</em></strong></span> <span class='ocrx_word' id='word_1_244' title='bbox 382 3519 636 3716; x_wconf 69' lang='grc' dir='ltr'><strong><em>ιηῑαυα</em></strong></span> <span class='ocrx_word' id='word_1_245' title='bbox 697 3530 776 3646; x_wconf 72' lang='grc' dir='ltr'><strong><em>ο</em></strong></span> <span class='ocrx_word' id='word_1_246' title='bbox 758 3583 776 3659; x_wconf 70' lang='grc' dir='ltr'><strong><em>ι</em></strong></span> <span class='ocrx_word' id='word_1_247' title='bbox 768 3520 967 3675; x_wconf 67' lang='grc' dir='ltr'><strong><em>κιο</em></strong></span> <span class='ocrx_word' id='word_1_248' title='bbox 969 3518 1040 3643; x_wconf 74' lang='lat' dir='ltr'>e</span> <span class='ocrx_word' id='word_1_249' title='bbox 1059 3523 1126 3641; x_wconf 78' lang='grc' dir='ltr'><strong><em>ο</em></strong></span> <span class='ocrx_word' id='word_1_250' title='bbox 1114 3539 1148 3641; x_wconf 73' lang='grc' dir='ltr'><strong><em>ι</em></strong></span> 
     </span>
     <span class='ocr_line' id='line_1_32' title="bbox 88 3651 1148 3743; baseline -0.005 -30"><span class='ocrx_word' id='word_1_251' title='bbox 88 3670 92 3683; x_wconf 89' lang='grc'><strong><em>·</em></strong></span> <span class='ocrx_word' id='word_1_252' title='bbox 136 3679 201 3723; x_wconf 83' lang='grc' dir='ltr'><strong><em>τους</em></strong></span> <span class='ocrx_word' id='word_1_253' title='bbox 222 3658 299 3729; x_wconf 72' lang='grc' dir='ltr'><strong><em>νπὲρ</em></strong></span> <span class='ocrx_word' id='word_1_254' title='bbox 320 3661 389 3729; x_wconf 90' lang='lat' dir='ltr'><strong><em>VM]</em></strong></span> <span class='ocrx_word' id='word_1_255' title='bbox 378 3654 487 3729; x_wconf 73' lang='grc' dir='ltr'><strong><em>]ύπὲρ</em></strong></span> <span class='ocrx_word' id='word_1_256' title='bbox 556 3667 589 3714; x_wconf 83' lang='lat'><strong><em>22</em></strong></span> <span class='ocrx_word' id='word_1_257' title='bbox 612 3656 741 3730; x_wconf 80' lang='grc' dir='ltr'><strong><em>έπακούη</em></strong></span> <span class='ocrx_word' id='word_1_258' title='bbox 764 3654 843 3730; x_wconf 74' lang='lat' dir='ltr'><strong><em>V]</em></strong></span> <span class='ocrx_word' id='word_1_259' title='bbox 826 3651 960 3743; x_wconf 84' lang='grc' dir='ltr'><strong><em>υπακούη</em></strong></span> <span class='ocrx_word' id='word_1_260' title='bbox 1028 3662 1061 3710; x_wconf 79' lang='lat'><strong><em>23</em></strong></span> <span class='ocrx_word' id='word_1_261' title='bbox 1083 3657 1148 3708; x_wconf 79' lang='grc' dir='ltr'><strong><em>δια-</em></strong></span> 
     </span>
     <span class='ocr_line' id='line_1_33' title="bbox 80 3725 1148 3953; baseline -0.007 -170.993"><span class='ocrx_word' id='word_1_262' title='bbox 80 3770 105 3953; x_wconf 72' lang='grc' dir='ltr'><strong><em>χ</em></strong></span> <span class='ocrx_word' id='word_1_263' title='bbox 138 3729 220 3851; x_wconf 61' lang='grc' dir='ltr'><strong><em>χέχνχ]</em></strong></span> <span class='ocrx_word' id='word_1_264' title='bbox 239 3728 508 3866; x_wconf 55' lang='grc' dir='ltr'><strong><em>ἿἪθδιμμρχχχ]</em></strong></span> <span class='ocrx_word' id='word_1_265' title='bbox 518 3734 551 3783; x_wconf 80' lang='lat'><strong><em>24</em></strong></span> <span class='ocrx_word' id='word_1_266' title='bbox 573 3726 677 3799; x_wconf 80' lang='grc' dir='ltr'><strong><em>ἠξίωσε</em></strong></span> <span class='ocrx_word' id='word_1_267' title='bbox 700 3748 750 3783; x_wconf 83' lang='grc' dir='ltr'><strong><em>οω.</em></strong></span> <span class='ocrx_word' id='word_1_268' title='bbox 770 3733 792 3782; x_wconf 87' lang='lat' dir='ltr'>V</span> <span class='ocrx_word' id='word_1_269' title='bbox 817 3725 978 3796; x_wconf 76' lang='grc' dir='ltr'><strong><em>ΙΠλύτων]</em></strong></span> <span class='ocrx_word' id='word_1_270' title='bbox 998 3728 1031 3780; x_wconf 87' lang='lat' dir='ltr'><strong><em>de</em></strong></span> <span class='ocrx_word' id='word_1_271' title='bbox 1050 3741 1106 3790; x_wconf 88' lang='lat' dir='ltr'>1ep.</span> <span class='ocrx_word' id='word_1_272' title='bbox 1124 3726 1148 3774; x_wconf 92' lang='lat' dir='ltr'>V</span> 
     </span>
     <span class='ocr_line' id='line_1_34' title="bbox 342 3792 1124 3944; baseline -0.001 -94"><span class='ocrx_word' id='word_1_273' title='bbox 342 3814 382 3859; x_wconf 85' lang='grc' dir='ltr'><strong><em>ες</em></strong></span> <span class='ocrx_word' id='word_1_274' title='bbox 490 3792 527 3860; x_wconf 82' lang='grc' dir='ltr'><strong><em>ῶς</em></strong></span> <span class='ocrx_word' id='word_1_275' title='bbox 1089 3850 1124 3944; x_wconf 62' lang='lat'>¹</span> 
     </span>
    </p>
   </div>
   <div class='ocr_carea' id='block_1_4' title="bbox 80 3942 199 4121">
    <p class='ocr_par' dir='ltr' id='par_1_5' title="bbox 80 3942 199 4151">
     <span class='ocr_line' id='line_1_35' title="bbox 80 3942 199 4121; baseline 0 0"><span class='ocrx_word' id='word_1_276' title='bbox 80 3942 102 4121; x_wconf 91' lang='lat'><strong>5</strong></span> <span class='ocrx_word' id='word_1_277' title='bbox 195 4000 199 4009; x_wconf 75' lang='grc'>’</span> 
     </span>
    </p>
   </div>
   <div class='ocr_carea' id='block_1_5' title="bbox 0 0 1226 4290">
    <p class='ocr_par' dir='ltr' id='par_1_6' title="bbox 0 0 1226 4290">
     <span class='ocr_line' id='line_1_36' title="bbox 0 0 1226 4290; baseline 0 0"><span class='ocrx_word' id='word_1_278' title='bbox 0 0 1226 4290; x_wconf 95' lang='lat' dir='ltr'><strong><em> </em></strong></span> 
     </span>
    </p>
   </div>
  </div>
 </body>
</html>
