2416 4290
282 441 285 447 .
324 394 467 447 IULIANI
485 393 737 447 IMPERATORIS
756 394 893 446 ORATIO
911 394 947 447 11.
1101 390 1143 457 63

207 517 365 612 Ἀτρείδη,
392 513 414 609 ή
443 518 486 611 άρ
513 550 544 590 τι
572 517 644 590 τόδ’
676 518 916 610 ἀμφοτέροισιν
943 517 1058 611 άρειον

198 625 348 715 Ἕπλετο,
376 629 431 697 σοὶ
458 629 514 697 καὶ
542 630 626 715 ἐμοί,

125 750 196 821 εἶτα
224 751 441 841 ἐπαρώμενον
463 754 503 840 τή
526 751 693 841 προφάσει
715 754 773 839 τῆς
796 747 974 838 ἀπεχθείας
1000 753 1056 820 καὶ
1079 749 1140 821 άπ-
1158 772 1185 827 Β

126 858 382 949 αριθμούμενον
399 855 458 939 τάς
477 860 514 927 ἐκ
532 861 590 946 τῆς
612 858 754 947 μήνιδος
782 859 966 947 ξυμφοράς,
993 857 1052 928 τὸν
1080 867 1140 948 βα-

101 967 217 1036 εσιλέα
250 964 288 1035 δὲ
321 962 522 1053 αἰτιώμενον
553 971 623 1033 Δία
655 965 711 1033 καὶ
743 971 879 1053 Μοίρας
910 966 965 1034 καί
995 961 1140 1053 Ἐρινύν,

124 1076 218 1140 δοκεῖ
247 1099 305 1161 μοι
331 1062 525 1157 ζ’διδάσκειν,
562 1068 672 1160 ὥσπερ
705 1073 741 1140 ἐν
778 1070 921 1160 δράματι
957 1086 1027 1151 τοῖς
1059 1097 1140 1161 προ-

123 1180 288 1265 κειμένοις
321 1175 487 1267 ἀνδράσιν
519 1171 594 1247 οίον
631 1177 736 1247 είκόσι
772 1176 957 1266 χριόμενος,
994 1175 1046 1246 ὅτι
1077 1177 1140 1267 χρή

122 1282 200 1365 τοὺς
234 1283 297 1372 μὲν
329 1286 484 1372 βασιλέας
515 1283 621 1372 μηδὲν
653 1281 749 1373 ὕβρει
786 1284 943 1375 πράττειν
979 1283 1063 1372 μηδὲ
1099 1287 1140 1374 τῇ

122 1390 266 1478 δυνάμει
290 1389 377 1480 ,πρὸς
404 1388 493 1459 άπαν
517 1393 663 1480 χρῆσθαι
690 1389 774 1478 μηδὲ
798 1393 927 1479 ἐφιέναι
954 1394 1001 1482 τῷ
1027 1394 1140 1484 θυμῷ,

84 1529 108 1569 ιο
120 1497 275 1588 καθάπερ
317 1500 405 1588 ἵππφ
442 1508 567 1586 θρασεῖ
600 1497 691 1585 χήτει
731 1500 871 1584 χαλινοῦ
907 1499 964 1566 καὶ
999 1493 1140 1584 ἡνιόχου

119 1605 315 1696 φερομένφ,
341 1618 519 1693 παραινεῖν
546 1603 584 1672 δὲ
616 1594 661 1673 αὖ
693 1618 763 1684 τοῖς
795 1619 992 1693 στρατηγοῖς
1019 1599 1139 1692 ὑπερο-

120 1716 206 1791 ψίαν
232 1709 411 1798 βασιλικήν
438 1707 482 1799 μή
502 1714 746 1800 δυσχεραίνειν,
774 1712 890 1799 φέρειν
914 1710 951 1778 δὲ
975 1711 1179 1799 ἐγκρατῶςο

118 1817 176 1885 καί
205 1816 322 1907 πρᾴως
353 1814 411 1898 τάς
438 1816 653 1905 ἐπιτιμήσεις,
681 1821 739 1885 ἵνα
766 1814 810 1904 μή
839 1820 1051 1903 μεταμελείας
1078 1812 1139 1885 αὖ·

118 1937 192 2003 τοϊς
220 1918 239 1992 ὁ
268 1929 342 2011 βίος
369 1921 486 2011 μεστὸς
513 1914 543 2012 ή
583 1926 688 1992 ταῦτα
719 1919 793 1991 κατ’
823 1921 968 2011 ἐμαυτὸν
1000 1925 1139 2007 ἐννοῶν,

79 2019 148 2102 1εῶ
182 2034 260 2118 φίλε
291 2032 446 2118 βασιλεῦ,
477 2031 533 2098 καὶ
566 2030 602 2099 σὲ
634 2028 696 2118 μὶν
728 2025 818 2118 ὁρων
850 2030 903 2098 ἐπὶ
935 2032 1003 2097 τῶν
1031 2035 1140 2118 ἔργων

118 2133 184 2224 τήν
208 2131 393 2225 Ὁμηρικήν
419 2140 575 2205 παιδείαν
594 2135 868 2224 ἐπιδεικνύμενον
895 2137 950 2204 καὶ
979 2136 1139 2204 ἐθέλοντα

120 2241 257 2323 πάντως
282 2245 381 2332 κοινή
407 2268 442 2311 τε
469 2240 617 2324 ἅπαντας
644 2239 778 2330 άχαθάν
805 2270 837 2311 τι
864 2244 965 2331 δρᾶν,
994 2237 1073 2329 ἡμῖν
1101 2239 1139 2309 δὲ

122 2352 195 2439 ίδίρι
220 2346 319 2436 τιμάς
336 2350 392 2417 καί
411 2350 492 2438 γέρα
510 2346 592 2418 ἄλλα
619 2346 670 2417 ἐπ’
701 2346 813 2429 άλλοις
835 2347 1139 2438 παρασκευάζοντα,

119 2454 273 2547 τοσούτφ
301 2455 338 2524 δὲ
371 2453 463 2542 οἶμαι
494 2460 665 2545 κρείττονα
697 2458 759 2524 τοῦ
785 2458 852 2523 τῶν
877 2451 1045 2541 Ἑλλήνων
1077 2459 1138 2540 βα-

78 2594 106 2633 ιο
121 2563 240 2642 σιλέως
276 2558 363 2630 εἶναι
400 2563 576 2649 ἐθέλοντα,
613 2558 697 2631 ὥστε
734 2557 751 2630 ὁ
789 2560 851 2649 μὲν
891 2556 1022 2648 ἠτίμαζε
1059 2556 1138 2641 τοὺς

120 2663 292 2755 άρίστους,
320 2665 365 2736 σὺ
392 2668 429 2736 δέ
458 2666 550 2757 οἶμαι
577 2669 719 2737 καὶτῶν
747 2666 889 2754 φαύλων
916 2673 1052 2746 πολλοῖς
1074 2663 1138 2754 τήν

120 2773 329 2862 συνγνώμην
357 2776 477 2864 νέμεις,
504 2773 565 2843 τὸν
583 2772 750 2843 Πιττακὸν
769 2776 917 2842 ἐπαινῶν
935 2775 995 2842 τοῦ
1023 2772 1137 2859 λόγου,
1156 2792 1181 2847 D

120 2875 158 2960 ὃς
190 2878 253 2969 τήν
286 2880 490 2970 συγγνώμην
521 2884 580 2970 τής
607 2887 766 2970 τιμωρίας
797 2886 989 2971 προυτίθει,
1021 2884 1137 2967 αίσχυ-

120 2974 244 3075 νοίμην
277 2983 334 3074 άν,
372 2992 405 3056 εί
438 2985 482 3077 μή
519 2990 580 3057 τοῦ
616 2990 755 3076 Πηλέως
791 2992 975 3076 φαινοίμην
1012 2982 1137 3073 εὐγνω-

83 3124 107 3163 ιι
120 3094 320 3184 μονέστερος
351 3096 406 3163 καὶ
439 3097 615 3182 ἐπαινοίην
648 3098 696 3175 είς
727 3092 873 3183 δύναμιν
900 3091 940 3162 τά
967 3093 1136 3182 προσόντα

122 3218 190 3287 σοι,
224 3196 299 3268 οὔτι
331 3202 418 3290 φημί
449 3199 576 3290 χρυσὸν
606 3202 663 3269 καὶ
691 3196 839 3290 άλονρχῆ
867 3208 1023 3288 χλαῖναν,
1056 3194 1136 3267 οὐδὲ

190 3369 203 3417 1
228 3365 309 3418 Iliad.
328 3384 356 3432 τ,
374 3366 432 3432 661
458 3354 504 3434 ἦτ’
524 3358 560 3432 δρ
578 3357 642 3420 τόδ’
662 3368 691 3418 Μ
759 3372 775 3419 2
799 3363 900 3420 ἔπλετο
918 3363 963 3418 σοί
981 3362 1016 3443 λζ]
1036 3354 1136 3416 ἐπλετά

122 3449 165 3485 σοι
233 3437 252 3485 4
278 3428 430 3503 ξυμφορὰς
452 3434 495 3502 V]
518 3430 677 3503 συμφοράς
745 3437 761 3487 5
791 3427 898 3504 Ερινάν
927 3432 968 3499 Η]
1000 3431 1136 3496 Εριννῦν.

121 3501 214 3553 Malim
232 3517 300 3554 vero
322 3504 406 3554 etiam
425 3508 473 3555 aut
489 3505 621 3584 Μοῖραν,
640 3503 712 3568 quod
730 3504 803 3584 apud
820 3504 969 3554 Homerum
986 3517 1027 3552 vs.
1045 3502 1077 3552 87
1097 3500 1137 3550 1ο-

123 3573 210 3651 gitur,
235 3576 286 3621 aut
303 3566 411 3636 Εριτῦς
479 3574 495 3623 9
517 3587 589 3635 προς
607 3563 685 3624 άπαν
703 3573 832 3639 χρησθαι
850 3567 886 3635 V]
912 3567 1042 3635 χρῆσθαι
1064 3564 1138 3633 πρὸς

122 3655 200 3693 απαν
272 3640 304 3688 11
329 3630 428 3700 αὐτοῖς
444 3641 470 3692 V
539 3643 570 3691 17
592 3635 677 3707 κοινή
701 3655 731 3690 τε
753 3640 859 3704 legitur
884 3636 1082 3698 etiam157D3
1106 3642 1137 3685 at

121 3712 236 3772 utroque
258 3705 323 3758 loeo
344 3712 470 3772 praestat
493 3704 576 3773 κοινή
620 3705 660 3762 ἐν.
690 3705 909 3758 ef.431)51D
977 3706 1011 3755 24
1033 3696 1070 3754 ἅν
1093 3696 1135 3767 Η]

76 3770 423 3839 ’δῐᾶηΜΜ
491 3725 748 3843 ffimhfflfl
