2416 4290
542 396 678 449 ORATIO
696 398 719 449 1.
1099 392 1139 457 15

112 549 210 611 μενος
240 528 314 611 ἔχοι
347 521 389 592 τά
422 522 579 612 κράτιστα
610 526 666 593 καὶ
697 522 781 614 πρὸς
812 522 1049 603 παντοδαποὺς
1080 518 1138 591 άν-

115 628 280 718 θρύπους
309 625 443 717 ὁμιλεῖν
471 629 617 699 δύναιτο.
655 627 737 700 άλλίι
759 628 820 699 τὸν
848 629 909 717 μὲν
937 627 1000 698 οὐκ
1027 631 1139 716 ἐβασί-

118 745 213 805 λευσε
246 742 415 805 ποικίλων
446 732 545 824 ήθῶν
571 738 740 826 ἐμπειρίας
766 742 872 824 χρεία·
904 734 964 804 τὸν
992 736 1030 804 δὲ
1057 734 1140 825 πρὸς
1159 758 1192 807 13

120 843 289 930 τοσαύτην
317 837 503 930 ήγεμονίαν
520 842 729 933 τρεφόμενον
757 840 819 912 οὐκ
843 844 880 911 ἐν
908 848 1044 932 οἰκίσκῳ
1072 867 1139 912 που

99 952 203 1039 τχρήν
236 948 461 1018 διδάσκεσθαι
499 946 580 1018 ούδέ
615 948 677 1036 τήν
713 955 902 1036 βασιλείαν,
935 948 1087 1037 καθάπερ
1119 944 1138 1017 ό

123 1059 251 1143 Κύρος,
289 1061 449 1137 παίζοντα
484 1066 660 1143 μιμεῖσθαι
701 1053 782 1125 οὐδὲ
822 1061 1031 1144 χρηματίζειν
1070 1067 1141 1135 τοῖς

122 1160 223 1250 ήλιξι,
250 1161 406 1249 καθάπερ
439 1163 568 1230 ἐκεῖνον
599 1163 771 1249 λέγουσιν,
799 1158 871 1231 ἀλλ’
903 1167 1040 1229 ἔθνεσιν
1068 1154 1140 1247 ὁμι-

122 1277 193 1339 λεῖν
215 1269 274 1337 καὶ
301 1266 430 1355 δήμοις,
456 1269 512 1336 καὶ
531 1271 743 1356 στρατιωτῶν
765 1267 930 1355 τάγμασιν
958 1265 1141 1336 ἐπιτάττειν

122 1370 236 1455 άπλῶς
263 1373 302 1442 τὸ
329 1374 505 1463 πρακτέον
539 1370 624 1455 ὅλως
656 1374 693 1443 δέ
727 1371 868 1455 οὐδενὸς
901 1371 1141 1443 ἀπολείπεσθαι

88 1516 111 1557 ιο
121 1481 264 1568 τούτων,
292 1471 341 1548 ὧν
359 1482 459 1569 ἐχρῆν
477 1476 587 1569 ἄνδρα
614 1480 798 1568 γενόμενον
817 1478 867 1549 ἐπ’
898 1477 1012 1560 ἀδείας
1038 1478 1145 1566 πράτ-.

121 1614 202 1657 τειν.
240 1583 367 1656 οὐκοῦν
390 1584 503 1674 ἐπειδὴ
530 1584 571 1655 τὰ
599 1586 688 1674 παρὰ
715 1587 846 1667 τούτοις
873 1586 1055 1672 ἐδιδάχθης
1081 1600 1181 1655 κα-Β

123 1697 201 1780 λῶς,
229 1694 283 1762 ἐπί
309 1689 371 1780 τήν
390 1694 506 1782 ἑτέραν
532 1690 672 1782 ἤπειρον
691 1691 815 1781 μετιὼν
841 1707 911 1773 τοῖς
929 1697 1142 1781 Παρθυαίων

124 1801 183 1870 καὶ
199 1798 333 1887 Μήδων
352 1804 489 1868 ἔθνεσιν
508 1795 713 1887 άντετάχθης
731 1800 843 1887 μόνος.
880 1793 1141 1885 ύποτυφομένου

125 1906 163 1976 δὲ
189 1903 256 1995 ήδη
283 1908 344 1974 τοῦ
376 1906 523 1993 πολέμου
549 1906 605 1974 καὶ
637 1903 700 1975 οὐκ
728 1911 774 1987 είς
806 1904 938 1995 μακράν
965 1906 1142 1992 μέλλοντος

89 2046 113 2089 ιτ
125 2010 413 2102 άναρριπίζεσθαι,
439 2012 562 2099 ταχέως
579 2014 634 2081 καὶ
653 2011 776 2081 τούτου
803 2014 970 2097 κατέγνως
988 2010 1048 2080 τὸν
1065 2010 1140 2098 τρό-

124 2146 205 2207 πον,
237 2119 295 2187 καί
320 2115 383 2205 τήν
410 2120 478 2186 τῶν
510 2115 623 2187 ὅπλων
652 2117 750 2206 ίσχὺν
782 2117 944 2207 ἐμιμήσω,
977 2119 1033 2186 καὶ
1059 2114 1143 2206 πρὸς

125 2224 187 2313 τήν
220 2222 313 2313 ὥραν
343 2226 406 2293 τοῦ
440 2224 565 2313 θέρους
602 2233 733 2306 είθισας
763 2239 936 2313 καρτερεῖν
967 2222 1004 2292 τὸ
1038 2226 1142 2311 σῶμα.

126 2330 345 2418 πυνθάνομαι
373 2330 410 2398 δέ
426 2326 640 2418 Ἀλκιβιάδην
662 2331 769 2419 μόνον
798 2334 831 2413 ἐξ
859 2326 1017 2399 ἁπάντων
1031 2325 1142 2415 Ἑλλή-

128 2464 197 2507 νων
227 2434 333 2518 ούτως
365 2433 502 2524 εύφυως
533 2435 716 2525 μεταβολάς
743 2440 905 2523 ἐνεγκεῖν,
935 2431 979 2515 ὦς
1005 2435 1062 2501 καὶ
1089 2448 1181 2521 μι-(ῖ

93 2543 301 2633 τιμήσασθαι
342 2543 513 2633 (πρῶτον)
553 2542 615 2631 μὲν
655 2543 717 2632 τήν
758 2546 826 2612 τεόν
867 2545 1142 2628 Λακεδαιμονίων

128 2651 332 2741 ἐγκράτειαν,
360 2646 474 2738 ἐπειδή
493 2650 719 2740 Σπαρτιάταις
746 2645 851 2718 αὑτὸν
879 2647 1045 2733 ἐδεδύκει,
1073 2644 1143 2715 εἶτα

128 2763 314 2845 Θηβαίους,
346 2757 403 2825 καὶ
437 2758 570 2846 Θρᾷκας
600 2754 759 2844 ὕστερον,
791 2757 847 2824 καὶ
879 2756 933 2823 ἐπὶ
964 2756 1049 2823 τέλει
1080 2752 1143 2842 τὴν

126 2867 194 2933 τῶν
222 2864 367 2952 Περσων
394 2862 536 2950 τρυφήν.
573 2859 645 2931 ἀλλ’
676 2865 802 2943 ἐκεῖνος
828 2861 890 2950 μὲν
913 2875 983 2941 τοῖς
1009 2865 1143 2949 χωρίοις

126 2969 411 3059 συμμεταβάλλον
437 2969 494 3038 καὶ
521 2967 582 3037 τὸν
608 2969 735 3058 τρόπον
767 2965 990 3055 ἀνεπίμπλατο
1018 2968 1143 3054 πολλής

92 3081 324 3166 ετδυσχερείας
350 3073 462 3143 καὶτὸ
481 3075 623 3165 πάτριον
646 3074 839 3144 ἐκινδύνευε
866 3076 1034 3153 παντελῶς
1061 3069 1143 3140 άπο-

126 3190 259 3270 βαλεῖν,
287 3178 332 3249 σὺ
361 3180 398 3250 δὲ
424 3183 483 3269 τῆς
509 3180 571 3270 μὲν
602 3184 784 3272 ἐγκρατοῦς
812 3185 941 3269 διαίτης
973 3177 1042 3273 ήόου
1071 3183 1144 3247 δεῖν

196 3391 212 3439 2
235 3381 267 3439 τδ
286 3382 340 3454 μὲν
356 3388 389 3438 V.
425 3388 517 3439 Locus
541 3390 685 3453 corruptus
709 3388 828 3439 fortasse
850 3388 891 3438 ita
909 3383 1072 3438 scribendus
1089 3386 1142 3434 οελε

126 3452 179 3509 τὸν
201 3451 254 3522 μὲν
278 3447 332 3507 ούτι
354 3448 510 3508 ἐπαίδευσε
533 3452 671 3506 ποικίλων
693 3446 777 3522 ήθῶν
800 3448 933 3519 ἐμπειρία
954 3444 1026 3517 πρός
1044 3448 1144 3515 χρείαν

126 3526 143 3575 3
166 3521 270 3591 χρείαν
292 3524 317 3574 V
389 3525 405 3576 5
428 3521 502 3590 χρῆν
523 3521 564 3588 Η]
589 3515 676 3590 ἐχρῆν
749 3526 765 3574 6
788 3519 875 3588 κόρος
898 3521 970 3581 VM,
997 3522 1028 3567 ut
1051 3517 1143 3569 solent

127 3606 342 3709 ’ίήλιξίνμίτή
360 3643 385 3693 V
456 3644 488 3693 10
511 3638 614 3693 τοῦτον
632 3628 673 3693 ὧν
689 3642 715 3693 V
787 3643 820 3691 20
842 3635 954 3704 πρῶτον
972 3633 1034 3687 add.
1054 3634 1145 3713 Ophe-

128 3716 174 3761 tus
197 3708 203 3775 Ι
223 3706 280 3761 τῶν
297 3707 539 3776 Λακεδαιμονίων
557 3707 591 3776 V]
610 3706 851 3775 Λακεδαιμονίων
919 3705 951 3755 λδ
974 3695 1145 3757 ἐκινδυνευε

128 3775 198 3841 VM]
217 3768 403 3829 ἐκινδύνευσε

1022 3876 1127 3904 Α
