2416 4290
173 570 216 635 30
471 572 615 625 ιυοιικι
637 568 888 623 ιαεοελνοωιε

172 700 213 788 τῇ
241 704 392 790 βασιλείᾳ
419 697 642 789 τρεφόμενον,
674 693 799 767 ἀλόντα
825 693 1003 786 πρότερον,
1035 691 1092 760 καὶ
1119 692 1189 760 τῶν

173 802 257 894 ἀμφ’
288 801 393 875 αὐτὸν
410 813 620 894 παμπληθεῖς
647 800 964 891 ξυνδιαφθειράσης.
1000 796 1132 879 τούτοις
1150 794 1188 867 δῦ

173 908 276 981 ἀπασι
304 913 487 1001 δρωμένοις
514 907 533 980 ὁ
561 911 623 998 μὲν
644 914 713 980 τών
735 908 918 999 βαρβάρων
945 902 1078 995 ἡγεμών
1106 900 1189 974 οὐδὲ

173 1014 256 1106 άναρ
288 1020 412 1107 παρῆν·
450 1014 531 1086 οῦδὲ
564 1016 628 1107 γάρ
660 1017 775 1104 ἐπέσχε
805 1013 868 1103 τὴν
900 1011 1016 1102 φυγὴν
1051 1013 1134 1101 πρὶν
1165 1004 1187 1100 ἢ

119 1140 153 1191 το
172 1122 255 1192 κατὰ
282 1123 393 1193 νώτου
420 1122 481 1193 τὸν
498 1122 649 1212 ποταμὸν
676 1122 867 1212 ἐποιήσατο·
895 1117 997 1201 αύτὸς
1014 1118 1052 1188 δέ
1079 1118 1206 1207 διέμε-

171 1256 228 1311 υες
255 1232 293 1299 ἐν
318 1245 390 1311 τοῖς
417 1227 531 1311 ὅπλοις
555 1227 600 1299 δι’
630 1227 709 1317 ὅλης
736 1224 859 1318 ἡμέρας
878 1228 934 1296 καὶ
961 1223 1082 1307 νυκτὸς
1101 1221 1186 1296 άπά-

172 1357 242 1423 σης,
271 1337 484 1426 συμμετέχων
502 1334 563 1424 μὶν
580 1350 651 1417 τοῖς
668 1338 828 1424 κρατοῦσι
847 1337 915 1403 τών
933 1330 1186 1423 ἀγωνισμάτων,

170 1457 240 1523 τοῖς
271 1445 415 1511 πονοῦσι
447 1441 485 1511 δέ
516 1444 672 1533 έπαρκών
698 1440 756 1511 διὰ
786 1442 922 1530 ταχέων.
967 1435 1034 1509 ῦπὸ
1063 1439 1101 1509 δὲ
1127 1442 1186 1529 τῆς

172 1545 330 1637 ἀνδρείας
356 1548 412 1617 καί
438 1550 497 1637 τῆς
524 1546 685 1636 εὐψυχίας
717 1553 764 1629 είς
790 1550 954 1617 τοσοῦτον
980 1544 1041 1616 τὸν
1068 1543 1185 1634 ἀγῶνα

172 1657 385 1744 μετέστησας,
417 1652 501 1724 ὥστε
532 1653 657 1736 αὐτοὺς
693 1655 755 1744 μέν
790 1655 844 1723 έπλ
879 1651 942 1741 την
978 1649 1091 1722 αῦτών
1127 1657 1208 1745 τῆς

170 1756 294 1852 ἡμέρας
313 1761 535 1849 ἐπιλαβούσης
553 1759 704 1849 ἀσμένως
728 1757 970 1846 ἀποσώζεσθαι,
998 1756 1186 1850 ἀναχωρεῖν

172 1864 209 1935 δέ
229 1869 264 1936 έκ
281 1870 340 1955 της
358 1867 473 1956 μάχης,
502 1869 666 1956 ἑπομένου
686 1887 759 1955 σου,
787 1863 941 1947 καὶτοὺς
967 1871 1185 1958 τραυματίας·

130 1970 260 2042 Βούτα
288 1972 325 2042 τὸ
354 1976 430 2054 δέος
460 1976 563 2043 πᾶσιν
591 1970 716 2062 ἀνηκας
742 2000 801 2062 της
827 1976 947 2061 φυγῆς.
992 1987 1094 2042 ποῖον
1121 1965 1186 2044 οῦν

171 2075 239 2207 η’λω
268 2079 448 2169 φρούριου;
481 2086 531 2161 τίς
501 2080 600 2149 ίδέ
627 2079 852 2170 ἐπολιορκηθη
884 2079 993 2161 πόλις;
1026 2085 1119 2160 τίνος
1147 2078 1185 2149 δὲ

170 2181 357 2273 ἀποσκευης
390 2190 426 2254 οί
454 2188 606 2275 πολέμιοι
641 2186 864 2276 κρατήσαντες
896 2191 995 2273 ἔσχον
1027 2182 1138 2273 έφ’“
1118 2213 1208 2279 οτςο

80 2344 87 2355 .
170 2291 400 2379 σεμνύνονται
436 2290 517 2381 μετὰ
552 2290 612 2361 τὸν
647 2293 808 2381 πόλεμον;
846 2288 917 2362 ἀλλ’
953 2301 1046 2379 ίσως,
1084 2255 1186 2381 φησέι

168 2421 232 2484 τις,
259 2396 297 2467 τὸ
324 2398 487 2486 μηδέποτε
514 2401 582 2468 τών
610 2404 777 2488 πολεμίων
809 2390 910 2487 ἦττον
937 2404 1055 2486 ἔχοντα
1083 2395 1183 2468 ἀπελ-

168 2513 246 2573 θεῖν
279 2500 413 2592 εὐτυχές
444 2506 500 2573 καὶ
533 2503 695 2594 εύδαιμον
726 2501 814 2593 ἡγεῖ,
846 2502 883 2575 τὸ
917 2503 954 2573 δέ
986 2502 1183 2594 ἀντιστῆναι

168 2612 209 2699 τῇ
244 2610 327 2700 τύχη
364 2610 623 2701 ῥωμαλεώτερον
661 2614 690 2699 [,
718 2608 756 2698 ὃ]
789 2612 845 2680 καὶ
878 2616 1027 2699 μείζονος
1063 2607 1185 2701 ἀρετῆς

168 2711 309 2805 ὑπάρχει
337 2732 484 2805 σημεῖον.
525 2724 574 2799 τίς
601 2717 662 2805 μὲν
681 2716 744 2807 γὰρ
773 2715 903 2803 ἀγαθὸς
920 2716 1127 2806 κυβερνήτης
1144 2720 1184 2787 έν
1202 2740 1208 2758 ²

168 2819 265 2913 εὐδία
284 2821 346 2911 την
363 2827 451 2892 ναῦν
478 2824 711 2910 κατευθύνων,
738 2824 885 2911 γαλήνης
902 2820 1062 2912 ἀκριβοῦς
1088 2850 1184 2893 κατε-

128 2928 291 3015 Οχούσης
322 2926 359 2997 τὸ
392 2930 548 3016 πέλαγος;
580 2936 630 3011 τίς
662 2929 698 2999 δέ
731 2925 865 3017 ἡνίοχος
896 2927 1042 3020 ἅρματος
1074 2924 1184 3012 δεξιάς

168 3035 206 3102 ἐν
234 3029 346 3127 ὁμαλῷ
373 3037 429 3104 καλ
452 3042 529 3128 λείρε
557 3042 667 3128 χωρίῳ
696 3033 862 3117 εύπειδείς
889 3037 943 3105 καὶ
971 3035 1100 3127 πρᾴους
1126 3036 1184 3106 καὶ

167 3155 276 3228 ταχεῖς
303 3144 425 3223 ἵππους
452 3142 655 3231 ζευξάμενος,
683 3140 752 3211 εἶτα
781 3145 818 3210 έν
835 3142 967 3224 τούτοις
994 3142 1182 3213 ἐπιδεικνύ-

256 3417 271 3465 2
299 3405 537 3494 ξυνδιαφθειράσ
559 3433 572 3473 ς
600 3414 641 3481 V]
670 3414 834 3479 σννδιαφδ,
925 3418 941 3466 ὅ
969 3409 1001 3465 δὲ
1028 3410 1129 3482 ἔμενες
1157 3419 1182 3467 V

166 3484 181 3533 7
208 3474 414 3560 ἀγωνισμάτων
437 3480 511 3550 Pet]
536 3432 555 3536 ἀ
575 3482 701 3534 ανιστών
769 3486 784 3534 9
808 3489 835 3534 et
860 3486 892 3534 10
919 3477 961 3542 είς
983 3483 1103 3535 τοσοῦτο
1128 3476 1182 3536 τῦν

166 3542 265 3616 ἀγῶνα
282 3500 573 3617 μετέστησαςΨγίτζ
590 3547 631 3609 εςί
648 3542 896 3618 τοσοῦτονάγώνα
913 3545 1091 3617 κατέστησας
1149 3555 1182 3604 10

165 3658 236 3720 ὥστε
255 3659 363 3748 μῦτοῦς
381 3663 465 3734 Η]
441 3682 513 3720 ωστε
522 3637 605 3729 αῦους
623 3668 654 3732 V
674 3660 744 3721 ὥστε
757 3661 825 3729 τοὺς
842 3685 860 3720 v
913 3671 944 3720 11
963 3661 1107 3749 ἀσμένους
1125 3670 1153 3721 Η
1174 3668 1178 3735 λ
1199 3664 1204 3676 “

164 3730 367 3799 ἀποσώζεσθαι
385 3706 680 3815 νΜ]υποσώζεσδαι
747 3738 778 3788 13
800 3736 888 3788 πᾶσιν
906 3726 986 3804 VJ*
967 3750 1076 3788 απασιν
1147 3740 1180 3789 14

165 3795 296 3866 έξεπολιο
298 3796 395 3883 ρκηδη
418 3805 444 3855 Η
531 3807 562 3855 16
591 3796 789 3886 σεμνύνονται
812 3802 879 3871 pet]
907 3797 1109 3887 σεμνύνονται,
1141 3805 1178 3857 cf.

165 3870 232 3922 28D
303 3864 367 3922 18
351 3874 431 3939 ηγει
449 3868 482 3924 τὸ
501 3867 534 3924 δὲ
554 3864 725 3953 Cobetus]
708 3875 809 3938 ηγειτο
828 3868 860 3924 δέ
878 3872 949 3936 VM
966 3864 1037 3939 ἡγῇ
1056 3866 1088 3924 τὁ
1109 3867 1179 3925 δέν

165 3942 197 3989 19
215 3955 230 3990 ο
251 3938 304 3991 del.
323 3939 388 3990 Rsk.
458 3941 492 3990 24
510 3933 757 4005 ἀποδεικνύμενος
775 3939 800 3991 V
