2416 4290
147 392 196 457 42
457 394 599 444 ιυοιιαι
623 392 869 445 ιιιΡιιιιιΤοιιιε

156 526 228 591 δεῖν
256 525 450 610 φροντίδος·
485 516 571 589 οὕτω
601 540 655 587 σοι
686 518 727 587 τά
753 516 851 589 κοινά
882 518 948 610 πρὸ
975 523 1045 589 τῶν
1073 526 1171 591 ἰδίων

155 629 248 709 ἔδοξε
275 628 331 695 καί
360 633 453 696 δοκεῖ
477 633 578 714 τίμια.

96 754 138 803 34
235 732 387 821 Πότερον
415 725 478 802 οὖν
505 730 567 822 χρὴ
594 736 663 802 τῶν
686 730 900 822 ἀδικημάτων
927 729 1090 804 ἀπάντων
1116 760 1171 823 με-

155 843 306 929 μνῆσθαι
333 831 382 908 ῶν
408 866 443 909 τε
462 845 508 920 εἰς
535 838 710 909 τὸκοινόν
737 842 793 909 καί
816 837 887 909 κατ’
919 844 1012 909 ἰδίαν
1040 844 1170 931 ἔδρασε,

81 968 85 973 ·
154 954 285 1027 κτείνας
312 946 374 1034 μὲν
400 944 461 1016 τὸν
488 942 590 1026 αὐτὸς
617 942 723 1015 αὑτοῦ
746 946 924 1036 δεσπότην·
953 943 1194 1032 άνδράποδονι

154 1050 219 1141 χάρ
251 1045 295 1142 ἦν
326 1055 395 1121 τῶν
422 1056 553 1121 ἐκείνου
579 1053 774 1142 προγόνων,
805 1056 864 1141 τῆς
891 1049 957 1122 ἀπὸ
987 1056 1172 1144 Γερμανῶν

155 1166 244 1241 λείας
276 1165 437 1241 λείψανον
470 1158 632 1247 δυστυχὲς
668 1159 945 1247 περισωζόμενον·
984 1156 1103 1249 ἀρχειν
1133 1160 1172 1231 δδ

154 1261 250 1355 ἡμῶν
279 1268 464 1355 ἐπιχειρῶν,
492 1257 520 1357 ςό
547 1265 631 1353 μηδὲ
649 1268 825 1358 ἐλευθέρῳ.
844 1269 1016 1354 προσηκον
1042 1258 1089 1355 ἦν
1114 1292 1171 1337 νο-

155 1375 318 1461 μισθῆναι
355 1370 399 1460 μὴ
436 1376 536 1441 τούτο
574 1369 652 1462 παρ’
687 1368 783 1461 ὑμῶν
819 1373 969 1460 λαβόντι·
1007 1374 1064 1442 καί
1098 1368 1170 1463 (ῶς)

155 1476 235 1559 τούς
267 1479 320 1547 ἐπὶ
352 1480 413 1548 τοῦ
445 1481 672 1568 στρατοπέδου
710 1481 844 1560 ξυνδῶν
879 1481 935 1549 καί
967 1474 1207 1563 ἀποκτιννάςω

155 1586 211 1653 καὶ
240 1584 413 1654 δουλεύων
440 1588 584 1673 αἰσχρῶς
603 1588 648 1676 τῶ
676 1586 798 1673 πλήθει
815 1587 871 1655 καί
898 1586 1094 1655 κολακεύων
1110 1582 1172 1675 τὴν

114 1688 312 1773 Βεύταξίαν
349 1694 533 1780 διέφθειρε·
575 1693 630 1760 καί
668 1688 713 1773 ῶς
747 1690 827 1773 τοὺς
862 1689 987 1773 καλοὺς
1023 1694 1173 1774 ἐκείνους

156 1800 259 1867 ἐτίθει
277 1798 415 1888 νόμους,
442 1796 505 1887 τὴν
523 1794 678 1885 ἡμίσειαν
701 1801 880 1889 εἰσφέρειν,
907 1798 1061 1868 θάνατον
1080 1795 1171 1869 ἀπει-

156 1907 225 1972 λῶν
256 1920 326 1985 τοῖς
358 1902 553 1991 ἀπειθοῦσι,
590 1903 739 1993 μηνυτὰς
772 1904 809 1973 δὲ
837 1903 924 1974 εἰναι
955 1901 1016 1975 τὸν
1049 1902 1170 1993 βουλό-

156 2037 259 2098 μενον
285 2014 352 2079 τῶν
381 2015 530 2080 οἰκετῶν·
563 2013 619 2080 καί
647 2009 737 2093 ὅπως
771 2008 935 2100 ἠνάγκαζε
961 2010 1042 2093 τοὺς
1071 2008 1202 2082 ούδίνιι

157 2119 338 2204 δεομένους
364 2115 404 2184 τά
437 2116 591 2204 βασιλικά
623 2118 771 2206 κτήματα
798 2125 978 2208 πρίασθαις
1012 2120 1171 2201 ἐπιλείψει

157 2250 197 2311 με
233 2220 388 2292 τάκείνου
426 2224 651 2312 διηγούμενον
683 2220 701 2293 ὁ
734 2224 856 2315 χρόνος
891 2222 1082 2313 ἀδικήματα
1116 2224 1170 2295 καί

156 2332 215 2417 τῆς
241 2335 442 2418 τυραννίδος
468 2333 526 2418 τῆς
552 2331 804 2419 καταλαβούσης
830 2330 868 2401 τὸ
896 2332 1048 2419 μέγεθος.
1089 2327 1170 2400 ἀλλά

157 2439 214 2524 τῆς
245 2440 457 2527 παρασκευῆς
489 2440 547 2525 της
579 2440 612 2518 ἐς
643 2434 703 2506 τὸν
734 2438 895 2525 πόλεμον,
932 2433 977 2524 ἣν
1009 2434 1170 2524 κατάβαλε

115 2543 217 2630 ομὲν
245 2545 297 2611 ἐπὶ
315 2541 395 2625 τούς
412 2543 616 2633 βαρβάρους,
644 2543 804 2632 ἐχρήσατο
833 2543 871 2613 δὲ
898 2540 952 2632 ἐφ’
981 2538 1082 2633 ἡμᾶς,
1108 2540 1202 2631 τὴνιι

157 2647 255 2737 ἰσχὺν
282 2657 332 2730 τίς
365 2645 436 2738 (ἀν)
470 2648 569 2732 ἀξίως
601 2650 836 2738 παραστάσεως
870 2651 989 2720 Κελτοί
1021 2650 1079 2719 καί
1107 2656 1171 2719 Γα·

155 2754 263 2839 λα’ται,
291 2761 376 2843 ἔθνη
395 2758 450 2824 καί
478 2770 548 2837 τοῖς
566 2756 667 2825 πύλαι
687 2758 836 2844 φαυέντα
860 2755 1171 2843 δυσανταγώνιστα,

156 2860 314 2940 πολλάκις
340 2860 402 2948 μὲν
429 2861 672 2951 ἐπιρρεύσαντα
690 2863 843 2954 καθάπερ
862 2863 1064 2953 χειμάρρους
1090 2858 1171 2933 ἀνν-

155 2966 319 3047 πόστατος
357 2964 492 3050 Ἰταλοῖς
532 2970 587 3037 καί
623 2966 807 3059 Ἰλλυριοῖς,
844 2968 909 3058 ἤδη
948 2968 986 3038 δὲ
1021 2970 1078 3039 καί
1116 2972 1172 3057 της

154 3068 263 3153 Ἀσίας
299 3069 453 3161 ἁψάμενα
488 3078 534 3167 τῶ
566 3090 700 3165 κρατεῖν
735 3090 806 3157 τοῖς
842 3075 996 3157 ἐνόπλοις
1032 3072 1171 3163 ἀγῶσιν,
1199 3125 1201 3128 -

224 3300 240 3347 2
259 3292 341 3361 ἔδοξε
359 3298 480 3367 Sehaef]
499 3295 606 3362 ἔδοξαν
674 3295 750 3359 λείς
770 3298 804 3366 V]
824 3292 862 3360 ἐς.
897 3298 1051 3351 Sehaefero
1069 3300 1174 3353 rectius

155 3364 266 3415 videtur
287 3353 328 3416 ῶν
352 3364 393 3425 εἰς
416 3382 455 3417 τε,
492 3367 553 3419 Vid.
577 3366 613 3417 ad
636 3366 699 3418 700
768 3360 859 3420 ότὸν
877 3361 967 3427 αύτός
985 3358 1079 3420 αύτού
1099 3367 1124 3418 V
1145 3373 1174 3419 ot

157 3432 255 3484 fluidas
282 3450 308 3485 v.
348 3426 549 3501 πειθανάχκη,
580 3426 667 3493 αύτδς
696 3425 747 3486 τὸν
776 3428 868 3488 αὑτοῦ
884 3452 903 3485 v
978 3438 995 3487 9
1025 3428 1108 3502 ἀμῶν
1135 3432 1173 3515 V]

155 3494 238 3566 ἡμῶν
264 3495 322 3564 Ιιός
341 3502 405 3552 add.
422 3504 457 3565 Η,
477 3504 543 3556 Rsk.
562 3508 625 3568 post
643 3497 810 3555 κολακεύων
829 3504 894 3554 addi
911 3502 1001 3553 voluit
1070 3506 1106 3557 10
1121 3517 1173 3557 του

156 3566 354 3633 στρατοπέδου
376 3567 417 3635 Η]
446 3569 484 3638 τῷ
510 3566 693 3641 στρατοπέδῳ
720 3570 726 3635 1
750 3568 871 3690 ἰυνδῶν
893 3568 933 3637 Η]
964 3566 1103 3634 ξυνδίων,
1137 3571 1172 3621 εἰ.

157 3636 193 3685 ad
220 3638 301 3688 3640
372 3640 404 3688 16
430 3634 574 3703 πριάσθαι
597 3638 622 3687 V
696 3641 728 3690 19
765 3636 833 3705 gv]
866 3635 908 3698 εἰς
934 3640 939 3701 Ι
965 3632 1109 3704 κατέβαλε
1132 3634 1171 3705 Μ]

156 3698 302 3820 κηὶηξληβη
339 3708 399 3822 f21
418 3692 455 3757 ἀν
472 3705 627 3756 addendum
646 3721 706 3757 ετεε
730 3712 778 3757 aut
796 3703 974 3774 παραστήσει
996 3706 1174 3759 scribendum

157 3786 183 3819 τι
204 3788 212 3819 ι
269 3788 283 3821 ο
304 3786 358 3823 ae.
