2416 4290
538 407 673 459 οοευιο
692 408 714 458 1.
1093 406 1136 471 45

111 534 310 625 λαμβάνων,
325 530 408 605 οὐδὲ
423 535 457 615 ές
473 549 583 624 χεῖρας
601 530 814 626 ἀφικόμενος,
829 541 949 624 ἔφευγε
968 538 1134 626 καρτερῶς
1152 552 1176 607 Β

115 644 290 729 ἐκπλαγεὶς
317 639 380 711 τὸν
398 640 526 710 κτύπον
552 644 620 710 τῶν
638 637 763 728 όπλων,
791 638 872 711 οὐδὲ
890 641 950 711 τὸν
978 642 1135 712 έννάλιον

116 750 242 818 παιᾶνα
255 750 329 816 τῶν
342 748 577 837 στρατοπέδων
586 748 858 832 έπαλαλαζόντων
872 744 978 830 ἀδεῶς
992 746 1135 819 ἀκούων.

117 861 340 942 διαλυθείσης
372 853 410 923 δὲ
443 858 478 923 οί
507 857 705 944 στρατιῶται
735 858 794 943 τῆς
825 854 945 936 τάξεως
978 855 1135 924 συνιστά-

91 987 213 1050 εμενοι
240 961 325 1030 κατὰ
353 960 474 1048 λόχους
499 960 600 1029 πάλιν
625 960 686 1030 τὸν
714 958 829 1048 ἀγῶνα
857 964 1057 1049 συνέβαλον,
1084 967 1134 1029 αί-

120 1067 322 1157 σχυνόμενοι
362 1066 424 1155 μὲν
464 1063 616 1155 ὀφθῆναι
657 1067 840 1154 φεύγοντες
880 1069 934 1135 καὶ
976 1066 1013 1136 τὸ
1055 1069 1137 1149 τέως

120 1172 263 1244 άπιστον
295 1170 422 1242 ἅπασιν
453 1170 648 1263 ἀνθρώποις
679 1171 733 1261 ἐφ’
768 1168 882 1242 αὑτων
914 1176 1019 1255 δεῖξαι
1053 1194 1136 1262 συμ-

122 1287 252 1368 βαῖνον,
282 1279 489 1369 στρατιώτην
506 1279 646 1365 Κελτόν,
674 1278 880 1370 στρατιώτην
908 1283 944 1350 ἐκ
973 1287 1137 1362 Γαλατίας

121 1384 160 1455 τά
190 1389 283 1455 νῶτα
315 1401 386 1467 τοῖς
421 1393 591 1474 πολεμίοις
627 1390 789 1468 δείξαντα.
836 1390 872 1455 οί
901 1388 1066 1474 βάρβαροι
1099 1386 1176 1461 δὲῦ

87 1490 182 1581 αυτὴν
209 1493 380 1562 ἐπάνοδον
407 1489 647 1580 ἀπεγνωκότες,
676 1498 708 1561 εί
733 1500 921 1580 πταίσειαν,
953 1489 974 1580 ἢ
1003 1508 1138 1582 κρατεῖν

123 1594 142 1687 ἢ
181 1600 348 1688 θνήσκειν
388 1599 572 1690 δράσαντές
612 1625 643 1667 τι
684 1598 800 1669 δεινόν
839 1598 919 1680 τοὺς
958 1606 1139 1687 πολεμίους

121 1702 249 1793 ἠξίουν.
294 1720 365 1788 τοῖς
401 1705 463 1793 μὲν
499 1697 563 1775 οὖν
601 1703 663 1787 ξὺν
698 1709 744 1797 τῷ
779 1707 937 1797 τυράννῳ
973 1708 1138 1774 τοσοῦτον

122 1815 241 1902 περιῆν
268 1812 398 1902 θράσος
424 1814 481 1881 καὶ
508 1809 592 1902 πρὸς
613 1809 654 1880 τά
682 1810 777 1881 δεινά
799 1814 862 1880 τοῦ
888 1826 1009 1901 χωρεῖν
1037 1806 1139 1899 ὁμόσε

120 1915 227 2006 πολλὴ
255 1925 439 2007 προθυμία.
486 1922 521 1987 οί
546 1918 583 1988 δέ
610 1920 680 1986 τοῖν
708 1916 797 1987 όλων
824 1918 1059 2008 κρατήσαντες,
1087 1922 1138 1985 αί-

85 2023 285 2113 ιιδοάμενοι
312 2023 374 2113 μὲν
405 2022 569 2112 ἀλλήλους
595 2026 651 2093 καὶ
678 2022 739 2093 τὸν
769 2026 923 2112 βασιλέα,
950 2023 1138 2113 παροξυνό·

120 2158 218 2219 μενοι
245 2130 284 2200 δέ
311 2127 377 2200 ὑπό
406 2134 474 2200 τῶν
500 2130 603 2200 πάλαι
624 2130 897 2220 κατορθωμάτων
923 2133 979 2199 καὶ
1006 2135 1074 2200 τῶν
1101 2132 1139 2198 έν

119 2238 216 2327 χερσί
243 2240 405 2326 λαμπράν
427 2239 483 2306 καί
500 2238 582 2318 τέως
609 2234 759 2307 ἀπίστων
777 2243 897 2328 έρχων,
924 2238 1017 2318 τέλος
1044 2234 1140 2317 ἀξιον

119 2358 193 2424 τοῖς
219 2345 513 2439 προϋπηργμένοις
539 2345 705 2412 ἐπιθεῖναι
729 2342 1003 2432 φιλοτιμούμενοι
1031 2342 1183 2416 πάνταΙ)

120 2445 293 2538 ὑπέμενον
327 2446 434 2540 ἡδέως
469 2451 577 2519 πόνον
614 2451 669 2518 καὶ
705 2456 879 2519 κίνδυνον.
929 2446 1038 2536 ὥσπερ
1076 2440 1140 2516 οὖν

80 2583 107 2624 ιο
123 2553 201 2645 ἀρτι
219 2558 277 2642 τῆς
294 2557 507 2644 παρατάξεως
524 2553 719 2646 ἀρχομένης,
748 2555 923 2636 συνιόντες
940 2554 1042 2624 πάλιν
1060 2559 1142 2641 ἔργα

122 2661 248 2749 τόλμης
288 2658 529 2732 ἀπεδείκνυντο
570 2664 626 2730 καὶ
661 2667 779 2751 θυμοῦ
820 2676 974 2749 γενναῖα,
1012 2666 1048 2730 οί
1081 2660 1143 2749 μὲν

124 2764 320 2856 ὠθούμενοι
347 2771 422 2859 περὶ
449 2783 520 2850 τοῖς
538 2769 681 2856 ξίφεσιν,
709 2767 804 2838 άλλοι
832 2768 870 2838 δὲ
893 2768 1143 2856 λαμβανόμενοι

124 2877 194 2942 τῶν
222 2869 392 2962 ἀσπίδων,
423 2877 480 2944 καὶ
506 2877 576 2944 τῶν
604 2877 731 2945 ίππέων
763 2871 910 2957 ὁπόσους
937 2880 1032 2944 ἵπποι
1059 2901 1142 2962 τρω-

124 2982 244 3061 θέντες
271 2976 465 3050 ἀπεσείοντο
493 2978 578 3071 πρὸς
598 2980 679 3062 τοὺς
698 2978 834 3063 ὁπλίτας
860 2980 1143 3070 μετεσκευάζοντο.

87 3114 113 3156 ιι
125 3089 233 3156 ταῦτα
264 3091 373 3175 ἔδρων
405 3092 441 3157 οί
470 3086 532 3169 ξὺν
567 3090 613 3181 τῷ
645 3089 801 3179 τυράννφ
833 3102 903 3170 τοῖς
935 3097 1042 3172 πεζοῖς
1074 3089 1143 3156 ἐπι-

127 3199 316 3284 βρίσαντες·
344 3196 400 3263 καὶ
427 3186 472 3283 ἦν
499 3188 517 3263 ό
545 3193 688 3283 πόλεμος
707 3197 739 3275 ἐξ
768 3204 852 3283 ίσης,
880 3198 941 3277 ἕως
970 3200 1005 3264 οί
1029 3205 1143 3282 θωρα-

198 3381 216 3430 6
238 3374 401 3446 συνέβαλον
423 3393 509 3444 marg.
529 3375 637 3445 spann]
659 3376 836 3511 συνέβαλλον
857 3379 895 3441 V,
923 3375 1082 3509 συνέλαβον
1105 3378 1143 3438 Μ,

128 3441 288 3512 κατέβαλον
307 3462 324 3496 ν
383 3437 515 3497 λαδτῶν
532 3442 606 3511 Pon]
627 3440 704 3516 αὐτῷ
735 3438 825 3499 αὑτὸν
843 3445 882 3511 Μ)
947 3448 979 3497 10
998 3442 1025 3497 εί
1057 3437 1143 3524 RV]

127 3512 283 3568 πταίσειαν
304 3512 342 3581 Η]
364 3512 520 3566 πταίσαιεν
594 3515 625 3564 13
652 3506 783 3578 θράσους
803 3515 893 3578 wytt.
920 3511 925 3579 1
951 3509 1002 3563 καὶ
1024 3516 1087 3577 post
1110 3529 1146 3563 τα

128 3577 210 3635 δεινά
231 3581 472 3648 transponendum
494 3581 604 3633 videtur
675 3584 706 3632 14
727 3579 819 3645 πολλῇ
841 3578 994 3645 προθυμίᾳ
1016 3581 1045 3633 fl.
1114 3583 1145 3632 18

127 3666 147 3701 π
180 3645 397 3733 συπηρχμένοις
413 3647 440 3698 V
506 3651 539 3700 21
563 3640 774 3701 ἀπεδείκνυντο
795 3645 830 3712 V]
854 3641 1061 3700 ἐπεδείκνυντο
1112 3651 1146 3700 22

128 3667 256 3786 ξίίόεσιν,
288 3719 373 3771 αλλσι
401 3711 434 3768 δέ
462 3718 487 3768 λ.
511 3716 568 3769 τῶν
594 3708 660 3768 ἀσπ.
684 3714 722 3782 V]
751 3714 862 3780 ξίφεσι·
891 3712 975 3782 λαμβ.
1004 3711 1037 3767 δὲ
1065 3707 1147 3768 ἀλλσι

127 3786 178 3840 τῶν
194 3780 264 3857 ᾆσπ.
